2850 4996
373 411 424 468 De
443 408 783 482 Ouasrotemitotibue
798 408 1042 467 Ecclesiastiea‘a
1280 406 1318 466 85

155 607 330 669 Admonet
343 622 423 668 vero
436 606 568 667 Bassus
582 606 620 668 id
634 605 701 668 sibi
714 607 877 685 arridere,
891 606 923 668 si
937 608 979 669 de
994 609 1094 670 rebus
1109 611 1235 686 agatur
1248 624 1318 670 888

107 709 296 788 gravibus;
312 708 401 770 alias
415 707 529 770 tutius
543 724 617 770 esse
631 711 743 786 putat,
757 709 789 769 si
804 709 849 770 ad
863 709 1071 787 Episcopum
1086 709 1317 787 confugiatur,

108 811 175 891 qui
193 811 285 872 hunc
303 828 404 872 usum
422 813 538 872 ratum
556 810 690 888 habmt,
709 814 771 872 aut
790 810 971 888 specialem
989 811 1165 873 licentiam
1183 811 1317 873 tribuat

110 911 258 976 comitia
277 912 472 974 celebrandi
491 929 531 974 ac
551 911 813 974 deliberationes
833 911 1001 991 capiendi,
1019 912 1159 975 tametsi
1178 913 1316 990 fratres,

110 1031 186 1078 non
229 1031 345 1076 omnes
388 1013 490 1093 J'uxta
532 1013 673 1075 solitum
716 1014 854 1083 modum
896 1014 1048 1092 invitati,
1089 1015 1135 1076 ad
1178 1013 1318 1076 comitia

110 1116 335 1180 accedant.¹⁸²

159 1218 302 1281 Sodales
318 1218 462 1296 capiunt
479 1217 705 1279 resolutiones
722 1218 760 1279 in
778 1217 928 1280 comitiis
946 1235 1008 1297 per
1025 1222 1115 1281 vota.

157 1322 250 1384 Vota
269 1324 384 1383 autem
402 1321 440 1381 in
457 1319 655 1399 huiusmodi
674 1319 995 1399 congregationibus
1014 1337 1074 1382 seu
1094 1320 1252 1399 comitiis,
1272 1321 1318 1383 ad

112 1424 320 1486 servandam
345 1422 551 1499 libertatem,
579 1422 702 1484 debent
727 1439 801 1484 esse
827 1424 969 1501 secreta,
996 1424 1094 1485 docet
1121 1422 1317 1485 cardinalis

112 1525 275 1588 Petra¹⁸⁸
321 1525 482 1602 Idemque
506 1525 695 1586 declaravit
721 1523 828 1586 Sacra
854 1523 1083 1604 Gongregatio
1109 1524 1254 1587 Ooncilii
1279 1524 1318 1586 in

112 1626 305 1689 Assisiensi
321 1627 345 1688 1.
364 1643 391 1688 8.
409 1627 454 1688 ad
470 1626 642 1688 VIII-um.

158 1730 242 1791 Tres
257 1731 373 1790 autem
388 1726 558 1790 verificari
574 1729 697 1789 debent
714 1728 937 1807 conditiones,
954 1733 995 1791 ut
1010 1728 1087 1807 quis
1102 1733 1219 1791 votum
1235 1730 1318 1791 dare

113 1831 245 1911 possit:
287 1831 340 1908 (8)
368 1831 477 1892 Debet
490 1847 563 1892 esse
576 1831 762 1892 membrum
778 1829 1106 1908 confraternitatis3
1128 1831 1181 1908 (b)
1209 1831 1318 1893 Debet

113 1950 190 1996 esse
213 1931 353 1994 comitio
375 1948 554 2010 praesens;
586 1932 636 2009 (o)
663 1932 787 1994 babere
810 1931 867 2010 jus
891 1949 913 1994 a
937 1932 1082 1995 statutis
1106 1933 1318 2011 recognitum

114 2034 224 2099 dandi
239 2038 366 2096 votum.

69 2121 71 2127 ’
158 2138 304 2199 Necesse
320 2135 426 2198 estin
443 2135 564 2213 primis
581 2152 652 2198 6886
670 2137 856 2198 membrum
875 2135 1192 2214 Ooofrotaraitotia.
1232 2138 1318 2199 Jure

115 2239 208 2302 enim
228 2237 352 2300 merito
372 2237 597 2315 probibentur
617 2238 700 2299 dare
719 2240 800 2299 vota
819 2237 857 2297 in
877 2236 1026 2299 comitiis
1047 2236 1317 2300 confraternita-

114 2345 192 2404 tum
208 2339 274 2418 illi,
292 2339 351 2418 qui
369 2340 414 2402 ad
430 2339 581 2401 eamdem
600 2338 930 2400 Confraternitatem
948 2355 1017 2400 non
1035 2339 1219 2418 pertinent.
1239 2341 1317 2401 Pro

114 2443 280 2505 hibentur
297 2457 378 2520 ergo
396 2442 479 2503 dare
497 2443 613 2502 votum
631 2439 670 2500 in
688 2439 854 2502 comitiis:

158 2545 189 2607 1.
210 2544 404 2623 Episcopus
428 2543 658 2618 dioecesanas,
682 2541 787 2603 etiam
811 2542 947 2620 quando
971 2540 1145 2620 praesidet
1168 2541 1317 2604 comitio.

115 2648 187 2708 Pro
200 2645 435 2708 confirmanda
449 2645 512 2706 hac
528 2643 716 2705 assertione
730 2642 887 2720 sufficiat,
902 2643 995 2704 inter
1009 2641 1176 2720 plurimas
1193 2641 1318 2705 Sacrae

116 2746 402 2827 congregationis
422 2745 567 2808 Concilii
586 2744 782 2822 decisiones,
802 2745 884 2807 haec
903 2763 973 2808 una
991 2762 1032 2808 ex
1051 2745 1106 2807 die
1125 2746 1164 2808 19
1184 2747 1316 2808 Decem·

115 2851 190 2914 bris
216 2848 300 2913 anni
327 2849 427 2911 1886:
477 2849 596 2926 Quoad
623 2847 762 2908 comitio
790 2847 1015 2925 confratrum,
1040 2848 1233 2926 Episcopus
1260 2849 1317 2928 joa

116 2955 220 3015 babet
234 2951 454 3030 praesidendi
468 2967 530 3028 per
542 2965 577 3010 86
593 2952 654 3010 aot
669 2965 731 3026 per
745 2947 864 3025 uliam,
878 2949 1059 3010 dommodo
1075 2949 1163 3011 nibil
1178 2950 1317 3013 1888861

115 3059 152 3119 at
170 3054 374 3133 euprepiam
391 3069 461 3114 oon
478 3052 579 3130 serat.
1015 3063 1018 3073 ·

143 3156 189 3218 'E
210 3156 398 3232 Poroobao,
416 3153 447 3216 si
466 3153 592 3216 asistat
612 3152 665 3213 uti
685 3150 848 3229 Episcopi
868 3152 1055 3231 delegatus,
1075 3157 1215 3232 excepto
1235 3171 1317 3216 casu

115 3258 208 3339 quod
232 3257 280 3320 sit
307 3256 499 3343 membrum·
522 3253 839 3316 Confraternitatis.
890 3252 956 3315 Sed
983 3256 1067 3316 tunc
1095 3256 1220 3333 gaudet
1247 3272 1316 3319 888

114 3364 254 3424 tantum
275 3357 450 3436 suffragio,
469 3373 588 3435 nempe
607 3359 782 3434 tamquam
802 3354 988 3416 membrum
1009 3355 1316 3418 confraternitatis

114 3467 153 3527 et
169 3478 238 3523 non
255 3465 431 3538 tamquam
448 3457 637 3537 praeses.²³⁴

159 3564 190 3626 3.
214 3564 444 3642 Oappellaaoa
469 3560 787 3639 Ooafroteraa‘totia,
810 3558 879 3620 nisi
902 3562 937 3621 et
961 3558 1036 3638 ipse
1058 3560 1106 3623 sit
1130 3562 1316 3624 membrum

117 3664 334 3729 Sodalitatis.

158 3768 189 3829 4.
211 3766 336 3829 Omnes
350 3780 518 3845 personae
535 3761 826 3825 Confraternitati
843 3765 1035 3841 extraneae,
1054 3763 1084 3825 81
1102 3781 1160 3826 eas
1178 3767 1315 3827 tantum

114 3868 338 3947 excipiamus,
363 3866 486 3945 quibus
511 3864 623 3942 maior
646 3881 727 3943 pars
754 3863 1063 3927 Oonfraternitatis
1087 3866 1159 3928 tale
1183 3866 1316 3929 dederit

114 3969 387 4054 881811681888185

160 4074 203 4136 In
228 4072 376 4135 secundo
399 4071 474 4131 loco
499 4067 688 4146 requiritur
712 4084 774 4145 pro
799 4067 912 4128 dando
936 4070 1016 4128 voto
1040 4067 1077 4128 in
1102 4067 1250 4146 comitio,
1275 4073 1316 4133 ut

113 4175 247 4240 sodalis
270 4175 317 4237 ait
339 4188 511 4252 praeseus.
556 4169 667 4231 “Vota
690 4167 794 4231 etiam
819 4168 1043 4247 confratrum,
1066 4168 1152 4231 dicit
1175 4170 1315 4250 Bassus,

113 4279 241 4343 debent
258 4275 335 4338 dari
352 4274 405 4336 uti
423 4274 466 4335 ab
482 4270 651 4334 universis
669 4269 886 4348 collegiatim,
903 4286 972 4330 non
990 4270 1043 4333 uti
1061 4288 1083 4333 a
1100 4270 1245 4350 singulis
1254 4291 1263 4351 ;
1281 4275 1316 4336 et

150 4427 309 4481 ²⁸¹Bassus
329 4434 374 4482 88.
394 4422 443 4472 eit.
463 4420 580 4478 Quaest.
599 4418 641 4475 14.
660 4429 741 4469 num.
760 4417 785 4468 9.

149 4495 180 4525 ¹⁸⁸
190 4492 359 4545 cardinalis
377 4491 474 4546 Petra,
493 4487 616 4539 Miscell.
636 4487 746 4538 Eccles.
766 4485 842 4538 Dist.
862 4485 886 4545 4,
906 4499 934 4538 8.
954 4486 997 4540 25.

150 4561 220 4613 ²⁸⁴8.
236 4560 267 4612 c.
283 4559 314 4611 C.
330 4559 363 4609 18
379 4558 559 4612 cremonen,
577 4555 624 4606 dle
642 4556 657 4608 5
674 4556 740 4607 Jan.
758 4555 836 4613 1723,
851 4555 889 4608 ad
906 4557 1021 4610 Ill-um.

150 4628 339 4685 ¹¹¹Zambonl,
360 4628 388 4679 S.
404 4627 438 4678 V.
455 4624 641 4682 sodalitium,
659 4626 706 4676 tlt.
724 4624 772 4675 IV.
790 4636 855 4684 pag,
873 4624 933 4678 802.
