2850 4996
381 432 431 488 De
450 417 789 504 Ooajroteraitotibos
805 427 1047 486 80018810811018
1287 421 1324 482 37

122 625 229 688 batur
254 624 399 705 functio,
425 644 467 690 ex
486 633 560 707 'qua
586 628 722 706 quidem
749 629 869 692 uberes
895 628 1032 690 fructus
1059 627 1258 706 spirituales
1286 626 1324 687 in

23 755 24 759 ¹
124 728 282 789 devotum
299 730 464 806 populum
481 731 730 792 redundabant.

168 829 419 892 sodalitatibus
437 831 590 908 ejusdem
609 831 766 894 iustituti
785 832 884 894 valde
902 831 1061 909 deinceps
1081 829 1323 908 multiplicatis

123 931 162 992 in
175 933 259 994 ¹aliis
277 932 486 1012 civitatibus,
503 934 541 994 in
558 934 643 994 locis
661 934 874 1012 praesertim,
893 933 952 994 ubi
970 934 1091 994 domus
1109 935 1144 995 et
1162 931 1324 994 ecclesIae

125 1033 309 1096 Societatis
358 1036 444 1096 Jesu
492 1035 760 1114 reperiebantur,
809 1034 1016 1097 Benedictus
1066 1034 1171 1110 XIII,
1219 1034 1323 1094 Bulla

124 1136 382 1214 “Redemptoris
402 1137 553 1215 Nostri’,
573 1139 592 1198 1
612 1137 770 1199 Octobris
791 1137 883 1214 1729,
904 1135 996 1214 piam
1017 1135 1322 1214 Congregationem

106 1238 312 1300 Bomanam
344 1239 381 1299 in
414 1239 841 1300 Archiconfraternitatem
872 1256 932 1299 seu
962 1236 1000 1298 in
1031 1236 1238 1299 Primariam
1269 1236 1323 1297 vel

108 1339 318 1402 'Oentralem
343 1340 646 1418 congregationem
670 1340 782 1402 evexit
804 1344 839 1402 et
862 1339 1089 1418 indulgentiis
1112 1338 1256 1415 ditavit3
1282 1354 1322 1399 ac

122 1441 264 1520 insuper
300 1442 539 1520 Praepositum
578 1443 778 1504 Generalem
816 1441 868 1504 vel
905 1439 1083 1503 Vicarium
1122 1439 1320 1502 Generalem

122 1545 287 1606 laudatae
314 1542 497 1606 Societatis
522 1545 606 1605 Jesu
633 1561 827 1620 supremum
854 1543 967 1605 dictae
993 1539 1322 1603 Archiconfraterni·

122 1646 209 1708 tatis
243 1647 492 1707 Moderatorem
523 1646 715 1721 constituit,
749 1647 876 1707 collata
908 1645 1048 1707 interim
1080 1646 1187 1707 eidem
1221 1646 1323 1723 plena

122 1749 295 1826 potestate
324 1747 412 1809 alias
442 1746 571 1809 similes
603 1747 891 1825 Oongregationes
921 1747 958 1807 in
989 1746 1139 1828 propriis
1170 1746 1322 1809 ecclesiis

122 1850 286 1928 erigendi,
324 1849 514 1912 Primariae
551 1851 723 1912 Romanae
761 1849 978 1928 aggregandi,
1017 1854 1051 1912 et
1090 1849 1322 1926 indulgentias

122 1951 315 2013 Primariae
333 1968 509 2013 concessas
528 1952 636 2013 eidem
656 1951 938 2014 communicandi.
1315 1960 1319 1965 ’

164 2054 248 2114 Ρ1ιι8
267 2053 339 2114 VII
358 2071 419 2131 per
436 2054 640 2131 rescriptum
662 2052 765 2115 Sacre
785 2053 1069 2131 Congregationis
1090 2053 1321 2130 Indulgentia-

122 2171 200 2217 rum
227 2154 295 2216 diei
321 2155 340 2216 6
367 2155 548 2217 Februarii
576 2155 686 2216 1821³³
713 2155 907 2232 praedictos
934 2154 1069 2216 favores
1097 2153 1321 2230 confirmavit,

120 2260 157 2320 et
175 2257 243 2319 Iseo
262 2257 346 2335 XII,
367 2257 534 2336 rescripto
553 2258 595 2320 de
615 2257 670 2319 die
689 2257 730 2317 22
750 2257 913 2320 Januarii
934 2257 1026 2336 1827,
1046 2258 1205 2336 praelato
1219 2260 1322 2319 ‘Prae

122 2358 237 2438 posito
276 2360 435 2422 Generali
474 2359 599 2420 tribuit
638 2359 840 2423 facultatem
880 2359 1085 2422 instituendi
1126 2359 1321 2437 hujusmodi

122 2460 334 2523 Sodalitates
354 2461 458 2523 etiam
479 2461 516 2521 iu
537 2462 698 2539 808188118,
720 2480 806 2540 quae
826 2480 895 2522 non
916 2463 1090 2540 pertinent
1111 2463 1155 2525 ad
1176 2461 1322 2524 Societa-

119 2566 191 2624 tem
213 2564 308 2639 Jesu,
329 2577 453 2642 easque
472 2564 663 2624 Primariae
685 2565 894 2641 aggregandi
917 2581 993 2625 cum
1016 2563 1322 2626 communicatione

120 2663 378 2743 privilegiorum
399 2681 440 2728 ac
460 2665 764 2742 indulgentiarum.

164 2768 348 2829 Praeterea
366 2767 654 2845 congregationes
672 2767 789 2828 Bonae
809 2767 932 2828 Mortis
952 2767 989 2827 in
1007 2766 1160 2845 qualibet
1179 2767 1321 2828 ecclesia

120 2885 185 2948 pro
209 2868 366 2931 omnibus
389 2868 569 2947 utriusque
593 2886 693 2931 sexus
719 2868 876 2930 fidelibus
900 2867 1041 2930 institui
1066 2872 1220 2949 possunt.
1267 2869 1321 2929 Ad

121 2971 374 3033 observantiam
394 2971 480 3048 legis
501 2970 688 3036 distantiae
707 2974 743 3032 et
762 2971 931 3048 formulae
951 2969 1133 3032 erectionis
1153 2974 1188 3032 et
1208 2986 1321 3047 aggre-

120 3073 272 3150 gationis
298 3089 359 3152 per
385 3063 674 3134 constitutionem
702 3072 887 3135 Clementis
913 3073 1005 3133 VIII
1033 3073 1321 3151 “Quaecumque’',

122 3191 192 3234 non
209 3175 357 3253 amplius
376 3178 537 3236 tenentur
554 3179 632 3252 post
649 3175 830 3252 Rescripta
850 3175 883 3236 S.
904 3174 1187 3252 Congregationis
1207 3175 1321 3236 Indul-

121 3276 316 3354 gentiarum
338 3277 404 3339 dd.
428 3277 468 3337 16
491 3276 698 3355 Septembris
721 3277 919 3339 18828121
943 3277 1063 3339 Martii
1086 3277 1178 3354 1885,
1198 3278 1321 3354 quibus

120 3376 191 3440 PP.
206 3378 274 3440 Leo
290 3378 384 3439 XIII
401 3379 445 3440 ab
459 3395 499 3440 ea
515 3379 732 3441 observantia
750 3380 861 3441 dictas
881 3379 1168 3458 Gongregationes
1186 3381 1320 3442 exemit.

121 3480 173 3541 Ac
189 3479 329 3558 insuper
345 3479 525 3558 Rescripto
541 3481 608 3542 dlei
625 3481 665 3542 23
682 3483 705 3542 J
707 3480 782 3542 unii
800 3483 882 3543 1885
898 3482 987 3542 idem
1005 3482 1168 3543 Pontifex
1185 3482 1321 3544 sanavit

120 3599 237 3643 omnes
262 3582 416 3644 deiectus
441 3585 476 3645 et
501 3582 786 3659 irregularitates,
812 3583 843 3643 si
869 3600 955 3660 quae
981 3582 1162 3644 extIteriut
1188 3583 1320 3644 sivein

119 3683 349 3746 erectionibus
364 3687 399 3746 et
415 3683 715 3762 aggregatiouibus
732 3683 975 3760 Sodalitatum,
991 3684 1062 3744 sive
1077 3683 1114 3743 in
1129 3684 1321 3761 receptione

120 3784 284 3847 fidelium.

163 3887 365 3950 Praedictae
380 3885 669 3964 Congregatioues
685 3886 801 3945 Bonae
816 3885 939 3945 Mortis
954 3885 1040 3961 erigi
1056 3888 1201 3961 possunt
1216 3886 1319 3947 etiam

119 3990 165 4052 ab
193 3988 373 4067 Episcopo,
402 3989 460 4051 sed
488 3990 528 4048 ut
556 3984 782 4063 indulgentiis
812 3986 994 4063 gaudeant,
1024 4002 1159 4046 necesse
1188 3989 1250 4062 est,
1280 3991 1321 4048 ut

118 4091 313 4157 Primariae
358 4092 530 4150 Bomouoe
574 4089 802 4164 aggregentur
846 4105 866 4147 a
912 4086 1114 4162 Praeposito
1160 4086 1319 4149 Generali

120 4191 307 4256 Societatis
327 4193 351 4254 J
352 4209 421 4253 esu.
434 4190 461 4224 ⁸⁴

171 4295 221 4371 (e)
249 4293 432 4371 Excipitur
454 4309 474 4353 8
496 4291 570 4366 lege
593 4288 781 4350 distantiae
805 4287 979 4349 Sodalitas
1002 4288 1131 4349 B.lI.V.
1158 4290 1322 4361 Immacu

157 4476 318 4534 ⁸'Rescrlp
336 4475 422 4524 Num.
459 4472 517 4523 338.
566 4525 567 4528 ¹

154 4542 329 4603 “Reserlpt
367 4542 400 4592 17
417 4538 598 4601 Septembris
614 4537 691 4589 1887.
