2850 4996
386 373 437 429 De
455 371 796 444 cntrotemitotibse
811 372 1054 430 Ecclesiastiois
1293 371 1331 430 57

120 564 303 644 privatum
322 565 517 643 registrum,
535 570 571 627 et
586 565 838 643 quamprimum
856 566 1029 627 commode
1045 569 1200 643 possunt,
1220 570 1329 626 trans-

120 668 267 730 mittere
287 672 473 730 teneantur
491 669 536 729 ad
557 667 757 745 Superiores
777 669 987 745 respectivae
1007 667 1213 729 Sodalitatis
1234 684 1329 728 ceno

120 770 204 831 nice
225 774 360 831 erectae
383 770 521 831 nomina
545 774 769 848 receptorum,
793 771 893 832 utin
916 770 1040 830 Album
1064 771 1175 848 ipsius
1201 769 1329 831 Sodali·

120 872 215 933 tatis
231 872 467 934 referantur.⁶⁶

169 975 201 1035 4.
225 973 425 1054 Superiores
476 974 644 1036 Ordinnm
696 973 944 1052 religiosorum,
995 976 1075 1036 dum
1125 975 1327 1038 facultatem

121 1075 348 1154 elargiuutur
371 1076 614 1138 Sacerdotibus
639 1077 827 1154 recipiendi
853 1077 969 1139 fideles
995 1077 1031 1136 in
1059 1076 1328 1138 confraternita-

122 1182 208 1256 tem,
228 1178 340 1240 solent
358 1179 398 1238 in
417 1178 608 1254 respectiva
627 1178 762 1256 pagella
782 1195 842 1238 seu
861 1178 977 1240 libello
998 1195 1184 1257 apponere:
1226 1181 1328 1239 Dnm-

121 1282 229 1341 modo
248 1281 286 1341 id
304 1282 369 1360 fiat
388 1281 427 1340 in
447 1281 542 1356 incia
562 1281 622 1340 nbi
643 1280 837 1340 Conventus
857 1281 970 1339 nostri
991 1279 1130 1340 Ordinis
1150 1297 1219 1339 non
1238 1297 1328 1357 repe·

119 1383 277 1444 rinntnr.
324 1382 433 1458 Saepe
454 1386 581 1457 tamen,
604 1382 807 1459 praesertim
829 1383 965 1459 quando
989 1382 1106 1459 agitur
1128 1382 1170 1443 de
1194 1381 1327 1458 magnis

122 1484 339 1561 civitatibus,
359 1484 527 1545 inseritur
548 1483 651 1544 facile
673 1484 755 1544 haec
777 1483 847 1544 alia
870 1484 1036 1545 formula:
1059 1486 1164 1545 etiarn
1184 1485 1223 1545 in
1245 1486 1328 1546 locis

120 1588 188 1649 nbi
205 1590 288 1648 snnt
305 1588 425 1648 domne
443 1602 565 1647 noerue
582 1586 797 1664 reiipionis.⁶²

169 1688 200 1750 5.
222 1689 289 1763 Qui
308 1688 411 1750 habet
430 1688 633 1749 facultatem
653 1687 869 1749 adscribendi
889 1688 998 1750 socios
1017 1688 1055 1748 in
1074 1689 1224 1766 aliquam
1245 1688 1327 1750 Oon-

119 1791 384 1852 fraternitatem
407 1791 460 1851 vel
483 1789 575 1869 piam
599 1790 871 1866 associationem,
894 1791 998 1852 etiam
1022 1791 1171 1869 seipsum
1194 1791 1248 1850 illi
1272 1792 1327 1852 ad-

121 1893 276 1956 scribere
289 1893 390 1970 valet,
404 1897 445 1954 ut
458 1896 493 1954 et
506 1892 580 1970 ipse
592 1908 724 1970 quoque
737 1893 847 1970 possit
859 1892 1104 1970 indulgentias,
1119 1910 1206 1971 quae
1219 1891 1327 1953 eidem

120 1997 279 2058 adnexae
296 2000 413 2072 sunnt,
433 1995 574 2072 lucrari,
593 1998 762 2072 quatenus
782 1995 864 2056 baec
884 1995 1035 2056 facultas
1054 1996 1222 2056 habeatur
1242 1994 1327 2055 indi·

121 2097 356 2160 scriminatim
374 2097 406 2158 ei
424 2113 583 2158 concessa
601 2101 635 2158 et
653 2113 722 2158 non
739 2097 893 2158 taxative
909 2114 959 2158 ex.
979 2113 1028 2174 gr.
1047 2097 1077 2158 si
1095 2102 1185 2159 esset
1202 2097 1234 2159 ei
1253 2115 1326 2158 con·

122 2216 223 2262 cessa
239 2203 377 2261 tautum
396 2215 458 2278 pro
476 2199 685 2260 Monasterio
704 2198 945 2260 Monialium.⁶⁸

276 2349 330 2426 (b)
359 2350 507 2428 Quinum
522 2350 561 2410 in
579 2349 907 2427 Controternitotern
924 2350 1032 2427 recipi
1048 2351 1183 2428 possint

169 2484 214 2543 In
245 2482 558 2544 confraternitates
588 2481 694 2559 recipi
724 2486 869 2560 possunt
900 2483 1016 2545 fideles
1047 2483 1233 2560 baptizati3
1266 2483 1325 2562 qui

120 2585 218 2648 enim
249 2585 400 2646 nondum
429 2588 543 2645 essent
572 2583 751 2661 baptizati,
782 2584 961 2660 incapaces
992 2584 1107 2645 forent
1138 2585 1324 2678 recipiendi

120 2686 260 2766 gratias
276 2686 487 2764 spirituales,
502 2702 589 2763 quae
605 2685 708 2746 certis
725 2685 844 2746 diebus
860 2685 1029 2762 certisque
1045 2687 1107 2746 sub
1125 2685 1325 2747 conditioni-

120 2790 191 2851 bus
215 2787 398 2850 Sodalibus
422 2787 648 2865 elargiuntur.
695 2787 768 2847 Imo
792 2804 853 2847 nec
877 2804 992 2848 omnes
1016 2787 1132 2848 fideles
1155 2787 1324 2865 baptizati

120 2893 272 2970 possunt
305 2889 609 2951 indiscriminatim
643 2888 680 2947 in
717 2887 1029 2949 confraternitates
1064 2887 1188 2966 recipi3
1222 2887 1324 2948 multi

121 2992 217 3055 euim
240 2992 511 3070 praepediuntur
533 3009 554 3051 a
578 2989 771 3066 receptione
793 2990 830 3050 in
854 2988 1167 3051 confraternitates
1192 2987 1325 3050 restric-

121 3094 278 3158 tionibus
294 3111 356 3172 pro
372 3093 578 3155 admissione
592 3091 770 3170 appositis,
786 3093 828 3152 de
844 3091 966 3169 quibus
981 3092 1100 3153 statim
1115 3093 1246 3170 loquar.

441 3245 490 3320 (o)
520 3244 657 3321 Qninon
671 3244 778 3321 recipi
793 3262 862 3304 non
877 3244 1013 3322 possint

103 3430 106 3436 ,
167 3381 330 3455 Quamvis
348 3379 660 3442 Confraternitates
678 3380 719 3440 de
738 3380 792 3441 die
810 3379 847 3439 in
865 3379 954 3441 diem
972 3378 1233 3442 numeriosiores
1251 3397 1322 3441 eva-

120 3485 211 3546 dant
238 3487 273 3545 et
302 3484 477 3560 ingressus
508 3481 544 3541 in
573 3498 631 3542 eas
662 3497 792 3558 semper
820 3480 958 3541 facilior
988 3482 1163 3558 reddatur,
1194 3481 1324 3542 multae

120 3589 241 3648 tamen
265 3585 420 3647 existunt
446 3583 680 3645 restrictiones
706 3601 768 3660 pro
795 3582 1002 3644 admissione
1027 3583 1064 3644 in
1091 3582 1323 3646 Confraterni·

119 3690 226 3750 tates.
272 3687 324 3748 De
349 3685 651 3764 principalioribus
677 3686 799 3746 saltem
825 3685 1020 3762 huiusmodi
1047 3684 1322 3746 restrictionibus

120 3790 263 3851 verbum
284 3789 397 3850 facere
418 3804 552 3848 necesse
573 3791 635 3847 est.
679 3787 801 3864 Itaque
822 3785 859 3846 in
882 3785 1194 3847 Confraternitates
1216 3784 1322 3863 recipi

119 3908 194 3954 non
209 3894 371 3969 possunt:

166 3994 196 4055 1.
218 3993 393 4072 Deinnoti.
441 3988 638 4052 Declaravit
662 3990 725 4051 boc
749 3989 820 4068 jam
846 3989 901 4050 die
927 3990 967 4049 12
992 3991 1015 4050 J
1019 3989 1081 4051 ulii
1107 3989 1189 4050 1703
1216 3989 1323 4050 Sacra

119 4094 353 4173 congregatio
375 4093 494 4155 Sancti
514 4090 640 4167 Officii;
661 4095 695 4152 et
717 4091 823 4153 Sacra
843 4090 1069 4168 eongregatio
1090 4090 1321 4168 Indulgentia-

118 4215 211 4276 rum,
236 4197 292 4258 die
314 4196 356 4257 25
380 4194 530 4272 Augusti
554 4193 646 4269 1897,
671 4192 708 4253 in
733 4192 879 4270 epistola
903 4193 947 4254 ad
972 4191 1160 4269 Episcopos
1186 4191 1320 4268 Italiae,

154 4347 301 4396 “Deerat
318 4345 352 4395 26
368 4345 434 4395 Jau.
452 4343 529 4393 1871.
545 4355 573 4392 n.
591 4341 641 4391 428
658 4340 695 4390 ad
711 4339 730 4390 1.

153 4417 175 4446 ·’
185 4413 397 4472 Mocchegiam,
415 4425 460 4470 op.
477 4411 527 4462 clt.
544 4424 572 4461 n.

152 4483 328 4542 “congreg
346 4481 469 4540 Indulg„
488 4480 521 4530 16
539 4478 621 4536 Julll,
639 4479 717 4536 1881,
734 4477 771 4528 ad
788 4479 852 4529 VII.
