2850 4996
366 426 417 483 De
434 423 775 497 communitatibus
789 423 1033 480 Boeterisstieis
1272 420 1311 478 33

110 623 189 682 Art.
213 622 264 683 ΙΙ.
305 621 359 682 Dc
382 622 427 683 iis
451 639 537 699 quoe
562 624 602 682 io
625 623 959 698 Controternitstum
985 624 1155 684 erectione
1180 623 1311 684 serrari

644 725 769 786 debent

150 857 248 918 ilaec
264 861 316 918 est
332 874 446 918 rerum
463 858 690 919 humanarum
706 859 869 935 conditio,
887 864 928 920 ut
942 859 1162 920 sanctissima
1179 874 1311 936 quoque

110 958 286 1036 instituta,
300 963 420 1037 utpote
432 960 626 1022 bominibus
638 961 876 1037 coalescentia,
888 962 981 1022 haud
994 979 1075 1023 raro
1088 961 1312 1024 incommodis

110 1077 249 1122 causam
267 1060 498 1139 suppeditent
517 1063 576 1124 Ita
591 1062 698 1124 etiam
716 1063 1031 1125 Gontraternitates
1048 1063 1311 1140 ecdesiasticae,

110 1162 251 1224 tametsi
287 1163 471 1240 plurimam
505 1165 545 1223 in
579 1164 723 1225 ecclesia
759 1165 825 1225 Dei
860 1165 1097 1243 spiritualium
1133 1165 1312 1226 fructuum

110 1269 257 1343 segetem
276 1265 449 1342 elicerent,
469 1265 694 1327 nihilominus
712 1271 834 1344 utpote
853 1267 1058 1344 bominibus,
1079 1284 1149 1327 non
1168 1267 1311 1345 angelis,

111 1371 319 1444 constantes,
385 1367 572 1445 aliquando
638 1369 815 1430 nonnullis
881 1369 1105 1429 incommodis
1172 1385 1311 1430 eausam

110 1469 384 1549 praebuerunt⁸²
425 1469 556 1530 Summi
576 1469 762 1532 Pontifiees
780 1470 944 1532 ecclesiae
963 1471 1170 1532 universalis
1189 1470 1312 1531 sollici·

108 1571 266 1633 tudinem
308 1572 449 1632 humero
490 1572 701 1634 sustinentes
742 1590 841 1634 suam
882 1573 970 1651 ipsis
1010 1573 1229 1650 vigilantim
1271 1589 1312 1634 ac

109 1672 363 1752 providentiam
386 1674 582 1751 impendere
605 1692 674 1734 non
698 1675 918 1751 destiterunt,
942 1679 984 1736 ut
1007 1674 1119 1752 finem,
1143 1675 1189 1736 ad
1212 1691 1311 1752 quem

111 1775 427 1837 Contrateruitates
447 1776 529 1837 illae
548 1781 767 1853 comparatae
784 1781 896 1852 erant,
915 1777 1040 1837 nedum
1060 1793 1130 1837 non
1148 1777 1311 1854 relinque

110 1882 200 1954 rent,
214 1878 298 1956 quin
312 1878 381 1938 imo
393 1877 545 1938 alacrius
557 1878 662 1938 etiam
677 1883 781 1954 atque
794 1878 900 1938 etiam
915 1878 1127 1954 insisterent,
1143 1895 1184 1939 ac
1198 1878 1313 1939 tutius

110 1983 385 2057 assequerentur.
436 1979 577 2054 Deinde,
606 1996 683 2040 cum
712 1979 905 2041 Primariae
934 1979 1155 2056 Meliteia,
1185 1981 1313 2041 Romae

110 2081 315 2161 praesertim
334 2080 447 2142 sedem
465 2081 639 2156 habentes,
657 2081 759 2158 vulgo
778 2081 1201 2157 Archicontraternitates,
1219 2082 1313 2142 iuter

110 2183 184 2246 alia
199 2183 389 2261 privilegia,
402 2199 442 2244 eo
454 2183 560 2243 etiam
575 2182 844 2258 perfruerentur,
859 2186 900 2243 ut
914 2182 1002 2243 allas
1017 2182 1084 2243 sibi
1101 2181 1312 2243 Sodalitates

111 2285 225 2348 totius
258 2285 352 2346 orbis
385 2285 548 2346 catholici
583 2301 770 2361 aggregare
803 2289 952 2361 possent,
987 2302 1122 2363 unaque
1156 2284 1228 2346 illis
1264 2286 1313 2345 in·

112 2387 320 2464 dulgentias,
332 2403 371 2448 ac
382 2387 581 2464 spirituales
592 2388 745 2449 favorese
756 2387 822 2448 sibi
835 2387 1029 2464 impertitas
1041 2388 1313 2448 communicandi

109 2489 169 2567 jus
198 2489 402 2566 obtinerent,
431 2505 499 2549 nou
528 2505 609 2550 raro
637 2489 824 2565 accidebat,
853 2493 894 2551 ut
922 2490 985 2550 boc
1011 2490 1117 2551 etiam
1146 2507 1188 2550 ex
1216 2490 1314 2552 tonte

110 2608 276 2670 persaepe
296 2591 540 2668 dubitationes,
560 2592 651 2668 lites,
672 2592 828 2667 dissidia,
849 2591 985 2669 aliaque
1004 2592 1218 2653 incommoda
1238 2593 1313 2653 sub

112 2697 345 2756 nascerentur.
385 2695 507 2770 Itaque
521 2693 676 2755 Clemens
691 2694 782 2752 VIII
800 2693 856 2755 die
872 2694 892 2753 7
911 2693 1105 2754 Decembris
1121 2711 1211 2755 anno
1232 2693 1313 2754 1604

111 2795 223 2856 edidit
251 2795 540 2856 Constitutionem
569 2796 859 2874 “Quaecumque”
886 2812 973 2873 quae
999 2796 1182 2856 solemnem
1210 2800 1314 2873 atque

112 2897 312 2959 canonIcam
336 2898 493 2959 omnibus
517 2897 713 2974 hujusmodi
740 2896 919 2958 Sodalitiis
944 2898 1089 2958 formam
1114 2898 1152 2957 in
1176 2899 1312 2958 modum

113 2999 298 3060 uniformis
312 3003 347 3060 et
362 2999 554 3060 constantis
570 2999 708 3074 regulae
723 2999 910 3076 praeberet.
949 2999 1194 3060 Sanctissimae
1208 2999 1312 3060 etiam

113 3101 286 3164 D.N.Pius
306 3103 374 3162 ΡΡ.
396 3101 449 3161 ΙΧ
468 3101 607 3162 litteras
626 3101 816 3179 encyclicas
836 3117 899 3177 ope
920 3100 993 3162 8.(1.
1014 3102 1313 3178 Indulgentiarum

113 3203 192 3266 dari
214 3202 329 3280 jussit,
352 3203 476 3280 quibus
497 3190 676 3265 laudatam
699 3201 884 3264 Clementis
907 3204 999 3263 VIII
1023 3203 1313 3265 constitutionem

113 3305 295 3368 confirmat
308 3308 343 3366 et
355 3305 517 3365 inculcat.
552 3305 651 3365 Inter
663 3303 733 3365 alia
746 3304 836 3366 enim
850 3305 932 3367 haec
944 3305 982 3365 in
994 3305 1154 3366 laudatto
1168 3306 1313 3367 Decreto

114 3407 240 3470 “Urbis
257 3411 292 3468 et
310 3407 432 3468 Orbis''
449 3407 630 3483 leguntur:

157 3511 233 3571 “Ad
253 3510 501 3570 dubitationem
522 3509 638 3585 itaque
657 3525 788 3569 omnem
808 3509 992 3569 tollendam
1013 3526 1115 3584 super
1133 3508 1313 3571 validitate

113 3612 236 3674 harum
249 3610 510 3672 institutionum
524 3627 584 3672 seu
597 3610 878 3688 aggregationum
894 3610 1071 3673 Sanctitas
1086 3609 1156 3673 Sua
1170 3611 1314 3688 benigne

113 3713 253 3776 sanarit
284 3712 523 3774 institutiones
555 3716 590 3774 et
622 3710 881 3790 aggregationes
915 3713 1088 3789 hucusque
1120 3712 1243 3789 iactas,
1277 3713 1314 3773 in

113 3816 239 3896 quibus
259 3815 391 3894 aliquid
410 3831 452 3876 ex
472 3814 659 3892 praedIctis
679 3813 939 3891 desideraretur,
961 3814 1050 3890 quod
1071 3814 1313 3890 perficiendum

112 3921 191 3981 erat
216 3933 278 3997 per
301 3915 591 3978 Constitutionem
617 3915 835 3976 enunciatam
861 3918 923 3975 aut
949 3915 1131 3975 Decretum
1156 3915 1314 3992 superius

113 4036 322 4098 expressum,
343 4019 395 4079 vel
415 4020 535 4078 contra
555 4017 592 4076 in
611 4016 732 4077 iisdem
752 4015 967 4093 praescripta
986 4014 1117 4092 aliquid
1138 4019 1313 4092 peractum

112 4124 172 4199 sit,
192 4120 361 4198 simulque
380 4117 566 4194 mandavit,
586 4121 626 4178 ut
645 4117 682 4177 in
701 4120 875 4194 posterum
894 4116 1044 4176 formula
1062 4115 1099 4174 in
1119 4115 1314 4192 hujusmodi

114 4213 345 4286 erectionIbus
372 4225 407 4283 et
433 4218 734 4297 aggregationibus
763 4218 955 4280 adhibenda
983 4217 1164 4277 concordet
1192 4217 1313 4278 saltem

113 4327 152 4388 in
167 4323 456 4387 substantialibus
473 4339 549 4382 cum
565 4320 627 4380 illa
643 4319 858 4397 praescripta
873 4337 894 4380 a
911 4318 1083 4379 Clemente
1098 4317 1200 4395 VIII,
1216 4317 1316 4395 cujus

115 4476 329 4492 „—

151 4542 171 4568 ¹¹
181 4537 400 4596 Sebastlanelll,
414 4548 451 4596 op
465 4534 595 4586 cit-De
610 4532 758 4590 Personls,
772 4545 800 4583 ιι.
816 4531 876 4583 384.
