2850 4996
342 456 392 512 De
410 455 750 528 Contrateraitotibas
766 452 1009 511 Ecclesiastieis
1251 450 1288 509 67

78 650 195 713 Sacra
232 651 517 729 congregatione:
577 652 722 712 “Utrum
761 668 866 711 unum
903 651 1059 726 idemque
1099 650 1286 727 scapulare

77 754 190 815 semel
217 753 429 815 benedictum
456 753 569 815 valide
597 753 707 831 possit
736 752 893 830 pluribus
921 768 982 829 per
1011 751 1116 812 vicem
1144 751 1285 829 imponi,

77 855 235 933 repetita
264 856 473 916 solummodo
503 872 607 932 super
637 854 783 931 singulis
814 853 1019 931 receptionis
1032 882 1036 889 ·
1050 852 1120 913 sive
1150 852 1285 930 imposi-

78 958 193 1019 tionis
223 957 564 1018 formula?''—Sacra
597 957 824 1032 Congregatio
856 954 1042 1032 respondit,
1076 952 1285 1027 affirmative,

76 1060 134 1121 ita
154 1063 272 1120 tamen
290 1063 330 1121 at
348 1060 497 1137 primam
517 1060 716 1137 Scopaiore,
735 1060 824 1136 qaod
844 1059 1002 1135 deinceps
1022 1057 1218 1134 ademptae
1237 1057 1284 1116 ia-

78 1165 189 1223 daere
202 1163 311 1238 debet,
325 1162 373 1222 sit
387 1161 639 1223 benedictum.⁸⁵
1165 1206 1167 1211 .

122 1263 275 1341 Pariter,
300 1264 437 1341 quando
463 1265 579 1341 plures
604 1267 686 1323 sunt
712 1262 816 1323 simul
843 1261 1133 1323 Confraternitati
1160 1260 1285 1321 adscri-

75 1364 185 1426 bendi
202 1369 337 1427 nonest
353 1382 488 1426 necesse
503 1365 541 1424 in
556 1364 775 1442 impositione
792 1364 1033 1442 Scapularium
1050 1379 1111 1441 pro
1128 1362 1285 1422 omnibus

77 1466 291 1543 singillatim
315 1470 468 1544 repetere
491 1466 685 1543 formulam,
711 1467 769 1526 sed
795 1469 878 1526 tunc
903 1465 1053 1526 formula
1079 1468 1192 1542 potest
1216 1463 1284 1525 dici

76 1585 225 1629 numero
246 1567 413 1647 plurali.⁸⁶

317 1700 367 1776 (a)
393 1701 479 1778 Ipeo
497 1701 537 1760 io
557 1700 887 1778 confraternitate-m
907 1702 1057 1778 receptio

124 1820 170 1878 In
193 1834 260 1895 quo
283 1817 451 1880 consistat
474 1818 550 1896 ipsa
573 1819 611 1879 in
635 1818 965 1880 Confraternitatem
990 1820 1139 1898 receptio
1163 1821 1285 1881 docent

77 1936 146 1983 nos
166 1920 255 1982 Acta
275 1919 308 1982 S.
328 1919 444 1983 Sedis:

124 2022 317 2083 “Formalis
335 2021 485 2099 receptio
502 2021 662 2083 consistit
680 2022 717 2082 in
734 2026 815 2083 actu
833 2022 1079 2088 auctoritativo
1098 2023 1284 2100 recipiendi

79 2141 146 2185 seu
166 2123 382 2201 admittendi,
404 2123 475 2184 sive
496 2123 531 2184 id
554 2124 615 2184 fiat
637 2124 765 2185 verbis:
808 2125 854 2184 Te
874 2122 1012 2200 recipio,
1033 2128 1067 2184 te
1086 2124 1123 2183 in
1146 2123 1285 2184 Confra-

79 2226 284 2288 ternitatem
309 2225 465 2287 adscribo
489 2228 524 2287 et
550 2225 720 2288 similibus
744 2227 912 2298 formulis,
936 2226 1008 2287 sive
1031 2226 1136 2288 etiam
1161 2227 1197 2287 id
1224 2228 1285 2286 fiat

79 2344 147 2403 per
163 2331 272 2405 actus,
291 2327 351 2405 qui
367 2326 457 2388 idem
475 2345 537 2406 per
554 2345 589 2389 se
608 2332 670 2390 aut
688 2328 886 2406 significant
905 2333 966 2391 aut
985 2329 1242 2407 supponunt.''⁸⁷
1281 2361 1284 2365 ·

127 2430 170 2488 In
195 2428 550 2491 Confraternitatibus
571 2431 710 2508 proprie
733 2431 837 2491 dictis
860 2431 931 2492 ista
954 2430 1111 2490 formalis
1135 2429 1284 2508 receptio

79 2530 277 2592 necessaria
293 2534 347 2592 est
363 2531 427 2592 sub
444 2548 552 2609 poena
570 2531 763 2607 nullitatis;
782 2535 816 2592 et
834 2548 968 2592 necesse
986 2534 1048 2606 est,
1065 2532 1155 2608 quod
1173 2532 1284 2592 verbis

79 2632 298 2710 exprimatur
321 2636 356 2693 et
380 2649 449 2692 non
472 2636 609 2694 tantum
634 2632 782 2708 simplici
806 2632 1036 2693 intentione.⁸⁸
1083 2633 1283 2704 Quaesitum

77 2734 174 2795 enim
200 2734 287 2796 fuit:
337 2735 393 2794 An
419 2735 568 2812 receptio
596 2734 633 2793 in
662 2732 983 2794 confraternitatem
1010 2733 1133 2809 valeat,
1163 2733 1192 2793 si
1219 2734 1285 2793 liat

78 2835 233 2915 simplici
251 2836 452 2913 intentione,
474 2854 513 2898 ac
533 2835 643 2897 verbis
664 2835 769 2895 nullis
789 2835 978 2896 adhibitis?
1018 2837 1065 2896 Et
1086 2853 1285 2912 responsum

78 2937 164 3015 fuit,
179 2938 345 3015 negative.
773 2936 775 2939 ’

126 3040 308 3102 Formulae
331 3046 445 3102 autem
468 3058 555 3118 quae
577 3043 799 3117 apponuntur
821 3040 859 3100 in
883 3040 1108 3103 ceremoniali
1132 3042 1184 3103 vel
1206 3044 1284 3104 Bre-

79 3141 195 3203 viario
214 3159 283 3202 non
302 3146 385 3202 sunt
405 3142 630 3219 obligatoriae
650 3141 712 3202 sub
734 3158 841 3218 poena
863 3141 1048 3204 nullitatis.
1092 3143 1224 3204 Sufficit
1245 3148 1285 3205 ut

79 3244 122 3305 in
135 3242 285 3305 formula
300 3261 386 3322 quae
402 3244 584 3304 adhibetur
597 3242 795 3303 essentialia
811 3243 1055 3304 contineantur
1070 3246 1181 3321 verba,
1199 3262 1284 3322 quae

80 3344 282 3423 recipientis
298 3345 524 3406 intentionem
541 3344 734 3421 significent
751 3361 791 3405 ac
807 3344 1028 3405 voluntatem.

127 3446 356 3524 Unaquaeque
382 3446 660 3507 Confraternitas
686 3445 885 3523 Scapulanis
911 3463 1008 3506 suam
1034 3447 1135 3507 habet
1160 3447 1284 3507 formu·

80 3550 154 3611 lam
177 3564 239 3625 pro
262 3546 464 3626 receptione.
509 3548 566 3608 Ita
588 3565 615 3608 e.
640 3563 688 3624 gr.
712 3547 990 3607 confraternitas
1015 3547 1074 3608 SS.
1100 3548 1284 3610 Trinitatis

79 3652 174 3711 bane
194 3650 295 3712 babet
317 3649 519 3710 formulam:
562 3649 708 3726 “Accipe
730 3648 884 3709 habitum
909 3648 1154 3710 Sanctissimae
1177 3650 1283 3735 Trini-

79 3750 172 3833 tatis
188 3750 226 3812 in
244 3756 464 3829 augmentum
482 3750 571 3826 fidei,
591 3750 663 3828 spei
681 3754 716 3811 et
734 3749 926 3826 charitatis,
945 3750 982 3809 in
1002 3750 1137 3811 nomine
1155 3752 1283 3827 Patris,

79 3852 178 3930 Filii,
193 3857 228 3915 et
244 3851 379 3931 Spiritu
393 3851 544 3913 Sancti.''
560 3853 606 3912 Et
622 3852 711 3913 aliae
728 3849 1040 3912 Confraternitates
1055 3851 1143 3911 alias
1158 3852 1284 3913 habent

79 3954 262 4016 formulas.
310 3955 352 4014 In
378 3954 535 4014 omnibus
560 3957 676 4014 tamen
701 3970 741 4015 ea
766 3970 852 4031 quae
878 3953 1027 4014 suntad
1052 3953 1284 4018 substantiam

78 4055 232 4119 inveniri
249 4056 373 4118 debent
390 4056 434 4116 ad
453 4055 601 4116 valorem
620 4054 777 4115 actus.'’⁸⁹

127 4158 248 4220 Multis
274 4158 311 4218 in
339 4156 703 4233 Confraternitatibus,
732 4153 1071 4233 Congregationibus,
1087 4172 1158 4219 ,seu
1185 4158 1283 4221 Asso·

120 4304 239 4356 “Sacra
255 4306 397 4363 congreg.
415 4304 531 4362 Indulg.
549 4303 597 4354 dle
614 4303 646 4352 13
664 4302 748 4353 Junii
766 4303 844 4353 1906.

120 4372 239 4424 “Sacra
254 4374 396 4432 congreg.
411 4372 526 4431 Indulg.
543 4372 591 4423 dle
607 4372 640 4422 18
656 4371 769 4429 Aprilis
786 4371 864 4423 1891.

120 4442 223 4493 “Arta
238 4443 266 4493 S.
284 4442 377 4498 Sedis,
392 4441 450 4491 vol.
467 4440 515 4497 IV,
532 4452 596 4499 pag.
613 4440 673 4490 240.

119 4508 240 4560 ⁸'Sacra
256 4510 398 4569 congreg.
418 4509 532 4567 Indulg.
551 4509 599 4559 dle
617 4509 651 4559 27
668 4508 781 4567 Aprilis
800 4508 878 4559 1887.

119 4578 305 4630 ”Decretum
323 4578 405 4628 auth.
425 4590 453 4628 n.
472 4577 532 4634 421,
550 4577 589 4627 ad
607 4576 631 4627 3.
