2850 4996
377 377 426 432 De
446 375 785 448 Oonsroternitutibus
802 375 1045 434 Ecclesiasticia
1285 375 1321 432 11

355 577 432 638 Art.
446 578 591 639 11.-ne
605 582 733 640 nutura
748 535 1085 657 Oontrutcrnitutam

162 693 293 753 Nomen
320 691 628 757 Confraternitatis
654 695 794 774 injure
819 713 888 757 non
913 713 1045 775 semper
1069 697 1184 758 eodem
1211 697 1320 774 modo,

120 795 179 855 sed
201 794 387 872 aliquando
407 796 525 874 latius,
548 796 734 874 aliquando
757 797 915 859 strictius
938 797 1097 860 sumitur.
1143 797 1234 859 Hinc
1257 801 1320 875 est,

120 897 210 974 quod
231 914 331 973 saepe
351 897 390 957 in
409 897 486 975 J’ure
506 898 698 977 promiscue
718 899 926 962 adhibentur
947 899 1124 978 sequentia
1145 900 1320 976 vocabula,

120 998 173 1058 uti
198 998 268 1075 jam
292 998 457 1060 vidimus:
506 999 795 1078 Goniraternitas,
821 1001 880 1079 pia
904 1001 1004 1078 Unio,
1032 1000 1259 1079 consociatio,
1285 1004 1321 1062 et

119 1100 190 1161 alia
204 1100 410 1177 huiusmodi.

160 1202 343 1263 latissime
365 1201 475 1279 igitur
497 1207 635 1281 sumpta
659 1203 937 1266 Oonfraternitas
960 1208 1013 1266 est
1036 1204 1220 1266 associatio
1243 1203 1319 1265 fide

118 1303 203 1364 lium
226 1305 270 1364 ad
290 1305 456 1381 quaedam
478 1305 621 1383 pietatis
642 1310 677 1368 et
699 1302 859 1368 caritatis
880 1323 983 1383 opera
1004 1308 1201 1368 exercenda.
1245 1307 1319 1368 Hoc

119 1405 156 1465 in
171 1422 273 1466 sensu
286 1406 391 1467 etiam
405 1407 483 1484 piae
498 1407 649 1469 Uniones
664 1406 977 1470 Oonfraternitates
993 1408 1062 1470 dici
1077 1409 1246 1486 possunt.⁶

160 1508 276 1568 Minus
298 1507 369 1569 late
390 1512 528 1586 sumpta
550 1509 828 1571 Confraternitas
851 1510 938 1571 dicit
955 1510 1220 1572 associationem
1244 1510 1320 1570 fide·

118 1609 202 1670 lium
229 1611 274 1671 ad
300 1610 465 1687 quaedam
492 1611 634 1689 pietatis
661 1615 696 1673 et
721 1611 905 1674 charitatis
932 1629 1035 1690 opera
1061 1613 1249 1674 exercenda
1275 1612 1320 1673 ad

119 1712 255 1772 modum
275 1711 455 1793 cujusdam
474 1713 546 1774 veri
565 1713 699 1791 collegii
718 1714 928 1776 institutam.
971 1715 1014 1774 In
1033 1714 1096 1775 hoc
1116 1731 1218 1775 sensu
1238 1713 1320 1775 Con·

118 1813 360 1875 fraternitates
384 1814 650 1891 distinguuntur
674 1833 695 1876 a
719 1814 787 1893 piis
812 1815 1015 1892 Unionibus,
1040 1815 1108 1893 piis
1133 1815 1319 1893 Congrega·

119 1915 282 1991 tionibus,
298 1918 332 1977 et
348 1916 428 1976 aliis
442 1916 613 1977 similibus
628 1916 811 1994 sodalitiis,
826 1933 913 1994 quae
928 1916 1053 1978 laxiori
1068 1920 1206 1979 tantum
1221 1917 1320 1977 modo

119 2016 240 2078 sociali
264 2017 400 2078 vinculo
423 2018 642 2095 colligantur,
667 2035 727 2080 nec
751 2022 897 2096 possunt
921 2036 998 2080 vere
1021 2019 1091 2079 dici
1115 2019 1160 2080 ad
1183 2019 1320 2079 modum

119 2118 272 2194 organici
289 2119 442 2196 corporis
458 2119 678 2181 constitutae.

163 2219 291 2281 Stricta
312 2237 391 2282 vero
411 2225 550 2298 sumpta
572 2220 851 2283 Ooniratcrnitas
872 2226 925 2284 cst
946 2221 1112 2283 laicorum
1136 2221 1320 2283 associatio

118 2322 293 2383 Ecclesiae
310 2322 520 2384 auctoritate
539 2323 731 2385 constituta
749 2325 794 2385 ad
812 2323 978 2400 quaedam
998 2323 1140 2400 pietatis
1159 2327 1194 2385 et
1214 2322 1320 2383 chari·

118 2424 205 2484 tatis
235 2441 339 2501 opera
368 2425 556 2486 exercenda
586 2428 621 2486 et
651 2425 688 2484 in
718 2428 939 2501 augmentum
969 2424 1099 2503 publici
1130 2425 1245 2485 cultus
1276 2424 1320 2486 ad

119 2525 255 2586 modum
273 2526 427 2603 organici
443 2526 597 2604 corporis
614 2526 816 2588 constituta.

161 2627 225 2688 Est
242 2644 322 2704 crgo
341 2627 463 2690 stricte
482 2631 620 2706 sumpta
640 2627 919 2690 Oonfraternitas
939 2628 1123 2690 associatio
1142 2629 1319 2704 laicorum,

119 2729 210 2806 quia,
228 2729 383 2806 quamvis
400 2729 517 2791 clerici
534 2748 555 2791 a
573 2729 928 2792 confraternitatibus
946 2747 1014 2790 non
1032 2730 1270 2797 excludantur,
1289 2727 1317 2789 si

119 2833 234 2891 tamen
251 2831 289 2890 in
305 2831 350 2891 iis
367 2835 500 2909 partem
519 2831 655 2910 babent,
673 2848 742 2892 non
758 2831 812 2893 uti
829 2831 945 2892 clerici
963 2831 1113 2893 habent.⁷
1222 2846 1224 2851 ’

162 2933 284 3010 Itaque
315 2932 640 3009 Confraternitates,
670 2933 805 2994 ratione
835 2934 1061 2994 nwmbroram
1092 2932 1215 3010 quibus
1246 2948 1320 2993 con·

118 3037 215 3094 stant
237 3035 372 3112 (nempe
386 3051 427 3095 ex
442 3033 598 3112 personis
613 3032 712 3096 laicis
728 3035 849 3095 saltem
865 3034 989 3112 majori
1004 3034 1041 3094 in
1057 3035 1189 3112 parte),
1205 3034 1320 3095 dicun·

119 3139 179 3196 tur
197 3137 347 3213 laicales,
364 3139 399 3198 et
417 3153 478 3214 per
496 3137 583 3197 banc
602 3137 755 3198 voculam
776 3135 1040 3214 distinguuntur
1059 3153 1080 3197 a
1099 3136 1189 3197 clero
1208 3152 1319 3197 saecu-

109 3237 178 3297 lari
190 3241 225 3298 et
237 3236 398 3314 regulari.
412 3237 560 3299 Ratione
571 3254 650 3299 vero
661 3237 879 3316 fundationis
892 3236 1057 3298 dicuntur
1069 3235 1320 3298 ecclesiasticae

118 3343 288 3416 quatenus
305 3357 326 3401 a
343 3339 498 3417 legitima
514 3340 724 3429 auctoritate
740 3341 973 3403 ecclesiastica
989 3345 1122 3403 erectae
1140 3344 1232 3402 sunt.
1271 3341 1320 3401 Ut

118 3441 236 3518 aliqua
251 3459 332 3519 ergo
348 3441 627 3505 Confraternitas
644 3443 713 3503 dici
731 3443 841 3520 possit
857 3442 1090 3504 ecclesiastica
1107 3426 1319 3504 necessarius

118 3547 170 3604 est
185 3544 336 3605 directus
350 3548 385 3605 et
399 3544 557 3605 formalis
571 3545 786 3606 interventus
801 3537 1004 3606 Ordinarii.‘
1027 3543 1214 3605 Deficiente
1228 3543 1319 3605 enim

118 3645 184 3706 tali
207 3645 386 3707 Ordinarii
409 3646 606 3708 interventu
632 3645 838 3708 Sodalitium
863 3650 953 3708 esset
976 3649 1114 3708 tantum
1138 3645 1261 3706 laicale
1285 3648 1320 3706 et

120 3764 187 3806 non
206 3747 485 3809 ecclesiasticum.
526 3748 626 3809 Unde
644 3748 802 3809 Ferraris
820 3747 906 3809 dicit
916 3747 938 3807 :⁸
968 3748 1076 3808 “Illae
1095 3729 1178 3809 sunt¹
1198 3747 1320 3808 deinde

120 3847 434 3910 Confraternitates
458 3849 609 3926 laicales,
633 3866 720 3926 quae
743 3850 871 3926 absque
893 3848 1056 3926 Episcopi
1079 3848 1220 3909 formali
1245 3865 1319 3909 auc-

120 3950 263 4011 toritate
283 3953 366 4011 sunt
385 3955 528 4023 erectae,
548 3967 701 4027 quaeque
720 3968 741 4012 a
761 3950 861 4011 laicis
879 3950 1057 4027 fundatae,
1078 3967 1100 4010 a
1120 3949 1219 4010 laicis
1240 3949 1319 4008 diri-

120 4056 250 4127 guntur
283 4055 318 4113 et
352 4051 675 4113 administrantur.”
721 4052 882 4128 Idemque
914 4051 987 4112 iere
1021 4067 1083 4111 nos
1117 4051 1214 4111 docet
1250 4068 1319 4110 una

119 4152 246 4213 decisio
267 4152 392 4215 Sacrae
410 4154 584 4215 Romanae
602 4154 721 4231 Rotae,
740 4153 799 4214 ubi
817 4153 949 4214 indicat
969 4151 1067 4213 nobis
1086 4150 1233 4212 medium
1254 4167 1320 4228 quo

154 4302 274 4356 ‘diecti
301 4299 444 4359 synopsis
469 4301 581 4350 Rerum
606 4296 766 4348 Moralium
790 4301 820 4348 et
846 4295 930 4347 Juris
955 4295 1113 4351 Pontiflcli,
1139 4296 1172 4345 V.
1199 4296 1319 4345 contra-

118 4370 255 4420 temitas.

154 4439 214 4486 'lb

154 4506 318 4562 ‘Ferraria
336 4518 381 4564 op.
399 4506 459 4562 cit..
477 4506 510 4562 V,
529 4504 777 4561 confraternitas,
796 4506 852 4554 art.
872 4503 895 4552 i.
