2850 4996
363 455 413 511 De
433 453 771 527 Confraternitatibas
788 452 1029 509 Ecclesiastieis
1269 449 1306 506 17

108 642 410 726 Archiepiscopum
433 652 663 728 Rhemensem,
686 653 744 729 qui
768 652 922 729 capitula
944 652 1084 730 scripsit
1107 654 1151 714 ad
1173 654 1306 730 presby-

108 755 299 812 teros-suae
314 752 486 829 dioecesis,
503 753 595 814 inter
609 770 695 831 quae
710 772 816 815 unum
833 755 977 815 habetur
992 772 1069 814 cum
1085 755 1207 815 titulo:
1236 756 1306 813 “De

110 853 329 930 Confratriis,
342 867 524 931 earumque
539 854 760 916 conventibus
773 857 939 933 quomodo
953 856 1116 916 celebrari
1131 854 1306 916 debeant.”

109 955 163 1014 En
182 956 283 1016 verba
303 955 436 1033 Capitis
455 958 557 1016 XVI:

152 1057 170 1088 “
215 1102 222 1116 .
267 1103 274 1116 .
319 1103 326 1116 .
371 1058 418 1117 Ut
441 1059 483 1118 de
506 1057 676 1134 Collectis,
698 1076 783 1135 quas
806 1059 991 1119 Geldonias
1013 1060 1065 1119 vel
1088 1058 1306 1119 Confratrias

109 1158 211 1234 vulgo
238 1159 488 1234 vocant,'sicut
516 1159 587 1236 J'am
615 1160 725 1221 verbis
753 1160 957 1235 monuimus,
985 1164 1019 1220 et
1048 1177 1138 1219 nunc
1167 1159 1307 1236 scriptis

109 1276 266 1336 expresse
289 1260 527 1337 praecipimus,
550 1264 688 1321 tantum
713 1261 784 1336 fiat,
807 1265 973 1338 quantum
997 1262 1041 1322 ad
1065 1261 1314 1322 auctoritatem

109 1365 143 1422 et
169 1361 358 1422 utilitatem
385 1366 488 1438 atque
514 1362 681 1423 rationem
709 1362 892 1439 pertinent.
936 1363 1043 1423 *Ultra
1069 1366 1182 1423 autem
1210 1379 1307 1422 nemo

109 1479 216 1539 neque
243 1462 407 1523 Sacerdos
435 1481 542 1539 neque
569 1464 698 1524 Fidelis
725 1464 904 1540 quisquam
932 1463 969 1523 in
996 1463 1160 1524 Paroecia
1188 1467 1307 1523 nostra

109 1564 268 1640 progredi
286 1566 422 1625 audeat.
424 1565 442 1596 ''

151 1666 340 1748 Religionis
378 1669 492 1726 antem
530 1683 635 1727 causa
672 1666 839 1742 ejusmodi
879 1666 983 1727 Sodal
984 1666 1089 1727 itates
1127 1666 1307 1727 Hincmari

109 1770 223 1828 331313
247 1767 398 1842 coivisse,
424 1767 648 1828 disertissime
671 1767 850 1844 evincitur,
874 1786 978 1845 quum
1003 1768 1076 1844 1333
1099 1769 1308 1828 Hincmarus

110 1869 210 1929 finem
233 1887 272 1930 ac
295 1871 456 1929 moralem
479 1869 625 1930 istarum
649 1869 894 1930 Geldoniarum
915 1873 948 1931 et
973 1869 1307 1930 Contraternitatum

109 1970 161 2030 ita
180 1970 368 2031 describat:

153 2072 216 2130 “In
248 2071 340 2131 omni
373 2072 532 2151 obsequio
565 2071 741 2149 religionis
775 2072 1047 2149 conjungantur:
1081 2073 1238 2133 videlicet
1272 2073 1308 2132 in

110 2173 292 2248 oblatione,
313 2173 352 2242 in
370 2173 608 2250 luminaribus,
630 2174 667 2233 in
688 2173 919 2235 oblationibus
941 2174 1080 2250 331313,
1100 2174 1137 2232 13
1158 2174 1309 2251 exequiis
1340 2216 1342 2230 2

111 2275 360 2351 defunctorum,
387 2274 425 2334 in
452 2275 682 2352 eleemosynis,
710 2275 746 2334 in
774 2274 896 2336 ceteris
923 2275 1065 2352 pietatis
1093 2275 1229 2351 officiis;
1258 2276 1309 2336 ita

110 2377 199 2453 quod
216 2376 274 2452 qui
291 2377 467 2437 candelam
483 2376 604 2437 offerre
621 2376 801 2452 voluerint,
818 2377 888 2437 sive
905 2377 1110 2454 specialiter,
1129 2378 1199 2438 sive
1217 2395 1309 2453 gene*-

111 2479 241 2554 raliter,
265 2483 327 2538 aut
349 2482 430 2538 ante
450 2479 601 2555 Missam,
625 2482 686 2539 331
708 2478 799 2538 inter
821 2479 972 2553 Missam,
996 2483 1179 2556 antequam
1202 2481 1309 2540 Evan-

111 2580 236 2656 gelium
256 2580 401 2656 legatur,
421 2582 465 2640 ad
485 2581 597 2641 altare
616 2580 782 2640 deferant.
824 2581 1039 2642 Oblationem
1061 2584 1185 2657 autem,
1205 2599 1308 2642 unam

110 2683 348 2742 tantummodo
368 2682 537 2759 Oblatam,
556 2686 590 2742 et
610 2681 840 2757 Offertorium,
860 2699 923 2759 pro
942 2700 978 2743 se
997 2681 1134 2760 suisque
1153 2683 1309 2743 omnibus

112 2782 305 2859 conjunctis
333 2786 368 2843 31
395 2783 626 2843 familiaribus
655 2783 787 2843 offerat.
837 2783 942 2844 Fiant
971 2787 1156 2845 conventus
1186 2785 1309 2845 talium

111 2885 271 2960 fratrum,
298 2883 327 2944 si
355 2901 489 2945 necesse
514 2884 631 2952 fuerit,
659 2889 698 2944 ut
724 2884 828 2944 simul
855 2884 1068 2960 conveniant,
1096 2889 1135 2945 31
1162 2885 1192 2945 31
1220 2886 1310 2945 forte

111 2986 237 3063 aliquis
258 2989 379 3046 contra
400 3002 516 3062 parem
538 3003 637 3045 suum
659 2985 865 3046 discordiam
887 2986 1055 3062 habuerit,
1078 3004 1175 3064 quem
1199 3004 1309 3048 recon-

112 3086 225 3148 ciliari
247 3104 381 3148 necesse
403 3087 467 3162 sit3
491 3089 525 3147 et
547 3086 620 3147 sine
642 3092 809 3147 conventu
831 3088 1042 3165 praesbyteri
1064 3092 1098 3148 et
1120 3092 1309 3149 ceterorum

111 3205 183 3248 3333
198 3206 266 3248 333
281 3188 424 3265 possint,
440 3191 518 3265 post
533 3192 673 3264 peracta
687 3189 749 3248 illa
765 3207 851 3264 quae
865 3189 929 3249 Dei
945 3193 1036 3261 sunt,
1050 3194 1085 3250 et
1101 3190 1309 3250 christianae

111 3289 281 3367 Religioni
300 3289 522 3365 conveniunt,
546 3293 580 3350 et
604 3293 681 3366 post
706 3290 838 3351 debitas
863 3289 1123 3366 admonitiones,
1148 3291 1176 3350 si
1202 3293 1309 3350 volue-

112 3390 363 3467 rint-eulogias
382 3409 402 3451 a
420 3391 640 3468 praesbytero
658 3390 861 3468 accipiant.⁷’
953 3434 954 3438 ,

153 3495 237 3553 Post
265 3493 341 3569 pias
368 3492 599 3553 exortationes
628 3492 770 3553 debebat
799 3492 963 3552 Sacerdos
991 3494 1073 3554 dare
1100 3494 1149 3554 eis
1178 3493 1308 3570 aliquid

112 3595 213 3671 panis
243 3596 278 3653 et
306 3597 426 3669 potus;
458 3593 510 3654 uti
541 3593 654 3654 vederi
684 3593 738 3653 133
768 3597 820 3653 331
850 3611 890 3654 ex
919 3594 1005 3671 ipsis
1035 3595 1156 3670 verbis,
1187 3595 1309 3671 quibus

111 3696 291 3757 laudatum
308 3695 421 3772 Caput
437 3694 522 3755 XVI
538 3695 762 3756 terminatur:
781 3696 834 3756 “et
851 3696 953 3756 semel
969 3700 1067 3772 potos
1084 3695 1299 3756 (11311131.”17

155 3799 277 3874 113333
291 3796 504 3874 propositum
519 3801 595 3858 erat
612 3796 791 3857 Sodalitiis
807 3814 922 3857 eorum
938 3800 1128 3873 temporum
1144 3799 1309 3873 quaedam

113 3898 260 3960 Pietatis
278 3904 312 3960 et
333 3897 524 3959 Obaritatis
544 3916 646 3974 opera
664 3915 828 3964 exercere,
846 3897 1004 3958 videlicet
1022 3897 1144 3958 offerre
1161 3898 1310 3974 Templo,

112 3999 299 4061 luminaria
321 4000 445 4061 ibidem
469 4001 569 4074 alere,
593 4016 714 4060 curare
736 3999 900 4076 infirmos,
925 4000 1163 4061 defunctorum
1187 4001 1311 4061 funera

113 4101 281 4178 comitari,
305 4101 525 4178 eleemosynis
548 4118 685 4178 operam
709 4103 800 4176 dare,
824 4105 858 4162 31
882 4100 1004 4161 ceteris
1027 4101 1169 4178 pietatis
1192 4102 1310 4161 officiis

113 4203 221 4291 Deum
236 4203 301 4264 sibi
315 4202 488 4264 demereri.
522 4203 568 4263 Et
581 4203 675 4279 quod
684 4202 779 4263 aliud
793 4201 875 4263 Piae
889 4201 999 4262 nostri
1013 4202 1087 4262 aevi
1102 4202 1311 4263 Sodalitates

113 4304 179 4365 sibi
201 4305 367 4381 agendum
390 4305 609 4382 proponunt?
651 4304 784 4364 Rursus
807 4302 997 4364 audiendus
1018 4307 1070 4363 est
1093 4303 1310 4378 Hincmarus,

113 4405 171 4482 qui
192 4406 319 4467 similia
339 4424 400 4467 suo
420 4410 571 4483 tempore
590 4405 754 4466 accidisse
774 4404 931 4479 tradidit,
952 4408 1213 4481 nostrorumque
1232 4409 1311 4466 tem-

147 4558 165 4583 ¹¹
175 4556 295 4612 Bassus,
312 4565 356 4612 op.
371 4551 421 4602 311.
437 4560 499 4607 cap.
515 4547 569 4598 ult.
