2812 5002
354 394 403 450 De
423 392 761 464 Oousruteruitutibue
777 391 1020 448 Ecclesiasticio
1260 389 1297 447 25

99 589 249 650 alacrius
264 590 367 651 etiam
382 594 484 667 atque
498 591 602 652 etiam
618 591 828 668 insisterent,
844 591 885 653 ac
897 592 1009 653 tutius
1025 596 1296 668 assequerentur.

99 692 240 768 Deinde,
263 709 337 753 cum
361 693 546 768 primariae
569 693 789 771 sodalitates,
812 695 938 754 Romae
961 693 1162 770 praesertim
1185 695 1296 754 sedem

99 795 272 870 habentes,
289 794 401 855 dictae
418 793 838 872 Archiconfraternitates,
855 795 947 855 inter
964 796 1033 856 alia
1051 794 1240 871 privilegia,
1258 812 1297 856 eo

99 896 203 957 etiam
220 878 454 972 perfruantur,
470 901 511 958 ut
526 881 614 958 alias¹
631 897 832 958 sodalitates
849 914 910 974 per
926 897 995 958 alia
1011 898 1119 958 totius
1136 897 1297 959 catholici

100 998 192 1058 orbis
223 1001 298 1059 loca
328 1015 513 1075 aggregare
542 999 685 1075 possint,
717 1016 851 1076 unaque
881 998 952 1059 illis
983 998 1226 1075 indulgentias,
1258 1016 1297 1059 ac

84 1100 306 1176 spirituales·
324 1102 459 1161 favores
482 1100 548 1161 sibi
573 1101 769 1178 impertitas
794 1100 1065 1161 communicandi
1091 1101 1147 1178 jus
1171 1100 1297 1161 obtine-

101 1205 172 1278 ant,
198 1202 277 1261 hinc
302 1202 487 1277 accidebat,
512 1206 552 1263 ut
577 1201 639 1262 boc
662 1202 767 1263 etiam
792 1219 833 1262 ex
858 1202 954 1263 fonte
979 1219 1141 1279 persaepe
1166 1202 1298 1263 dubita·

99 1303 220 1378 tiones,
258 1303 347 1379 lites,
384 1302 540 1379 dissidia,
579 1303 713 1380 aliaque
750 1304 963 1364 incommoda
1001 1304 1297 1364 subnascerentur.

101 1406 224 1481 Itaque
241 1423 267 1465 s.
286 1423 328 1464 m.
348 1404 502 1465 Clemens
521 1405 709 1480 PP,.VIII,
728 1405 988 1466 saluberrimam
1008 1405 1297 1466 constitutionem

99 1507 208 1567 edidit
227 1507 282 1567 die
300 1508 328 1567 7.
369 1506 563 1568 Decembris
583 1505 674 1582 1604,
692 1507 795 1582 incip.
814 1508 1060 1584 Quaecumque,
1078 1524 1164 1583 quae
1184 1507 1298 1567 sdlem·

100 1626 176 1668 nem
202 1613 304 1685 atque
327 1607 525 1669 canonicam
551 1607 707 1668 omnibus
732 1597 928 1685 hujusmodi
954 1608 1126 1669 sodalitiis
1152 1608 1298 1668 formam

90 1711 137 1770 ·in
157 1711 292 1771 modum
311 1710 505 1786 uniformis,
525 1709 783 1787 constantisque
803 1710 940 1788 regulae
960 1712 1146 1787 praeberet.
1189 1711 1299 1782 Quam

102 1812 390 1874 Constitutionem
410 1812 514 1873 etiam
535 1811 662 1872 SSmus
681 1814 722 1872 D.
742 1814 783 1872 N.
803 1813 887 1872 Pius
905 1813 972 1872 PP.
994 1813 1046 1871 IX
1066 1812 1246 1873 confirmat
1264 1816 1299 1873 et

100 1914 356 1975 inculcat—De
372 1932 439 1991 qua
454 1913 619 1974 uniformi
636 1931 676 1974 ac
693 1914 834 1974 solemni
851 1914 961 1974 forma
978 1913 1014 1973 in
1024 1914 1201 1975 'erectione
1217 1914 1298 1974 Con·

100 2015 362 2077 fraternitatum
377 2016 554 2092 servanda,
569 2015 636 2076 erit
651 2025 760 2076 sermo
775 2016 812 2075 in
827 2015 979 2092 capitulo
995 2014 1159 2092 sequenti.
