2850 4996
599 686 749 747 CAPUT
769 686 821 746 IV

400 838 443 881 ml
464 837 821 882 CONF'RA'I'BBNI'I'ATUM
844 837 1016 881 aramme

157 970 212 1048 (e)
240 971 292 1032 De
307 970 464 1032 Rectoris
479 970 733 1048 designatione3
757 972 809 1047 (b)
838 971 890 1032 Dc
905 970 1098 1048 receptione
1114 970 1310 1048 Sedelium3

116 1075 168 1150 (e)
197 1073 249 1134 De
270 1073 543 1134 formalitatibus
565 1073 603 1133 in
626 1072 819 1150 receptione
843 1071 1019 1135 Sodalium
1043 1073 1220 1134 servandis
1250 1071 1304 1147 (d)

108 1175 163 1236 De
179 1175 412 1254 perpetuitate
428 1174 647 1237 admissionis
657 1193 665 1252 ;
691 1176 741 1251 (e)
770 1176 821 1236 De
837 1174 973 1252 juribus
990 1179 1025 1236 et
1043 1173 1311 1252 obligationibus

110 1277 306 1355 Sedalium3
331 1279 377 1357 (f)
406 1278 458 1339 De
472 1276 671 1354 expulsione
689 1277 865 1338 Sedalium
882 1295 901 1338 c
917 1293 1019 1338 coeno
1038 1276 1253 1338 Sedalitatis.

395 1446 471 1506 Art.
488 1447 508 1504 l
517 1464 524 1505 :
542 1446 594 1508 De
610 1446 766 1507 lienteria
783 1445 1027 1523 desipeetieae.

154 1580 184 1642 1.
207 1579 386 1654 Quaelibet
411 1580 688 1642 confraternitas
712 1599 812 1642 suum
836 1582 1032 1643 Praesidem
1057 1583 1180 1643 habere
1204 1576 1312 1657 debet,

108 1681 171 1760 qui
194 1683 247 1744 vel
267 1682 427 1743 Director
447 1684 501 1744 vel
522 1684 647 1745 Rector
669 1687 731 1744 aut
752 1684 949 1744 Mederater
972 1685 1024 1744 vel
1046 1683 1150 1745 etiam
1174 1683 1313 1762 Oappel·

111 1785 216 1846 lanus
238 1785 430 1861 nuncupari
450 1785 578 1863 solet,⁶⁸
602 1784 657 1846 cui
681 1788 833 1862 potestas
856 1789 910 1847 est
932 1803 972 1847 ea
995 1786 1133 1863 gerendi
1159 1803 1244 1861 quae
1269 1785 1313 1846 ad

109 1886 275 1948 Rectores
294 1891 462 1965 spectant,
481 1891 515 1948 et
534 1887 648 1965 etiam,
669 1893 837 1966 peeteeee
855 1889 893 1948 ie
911 1889 1102 1965 respective
1121 1889 1314 1949 Sedelitete

109 1990 150 2051 id
170 1989 311 2051 Reotori
334 1990 520 2067 tribuetur,
542 1990 659 2051 fideles
681 1990 908 2067 adscribendi,
931 1990 1070 2051 habitus
1093 1990 1313 2052 benedicendi

109 2088 149 2152 et
168 2091 374 2169 scapularia,
394 2091 522 2169 illaque
540 2091 746 2169 imponendi,
767 2109 919 2168 coronas,
939 2094 1013 2169 etc,
1033 2092 1164 2170 pariter
1184 2091 1315 2153 benedi-

110 2193 214 2255 cendi
239 2193 340 2270 Juxta
366 2194 553 2255 facultates
580 2194 625 2255 ad
650 2192 837 2271 quamlibet
866 2193 1092 2255 sodalitatem
1120 2198 1315 2272 spectantes

110 2312 178 2374 pro
200 2295 369 2356 similibus
391 2295 678 2373 impositionibus,
700 2295 1003 2371 benedictionibus,
1023 2300 1086 2356 etc.
1129 2297 1232 2356 Patet
1254 2296 1316 2354 hoc

109 2415 156 2459 ex
171 2397 307 2459 decreto
321 2397 520 2460 authentico
534 2398 606 2474 389,
620 2399 709 2475 qued
724 2415 828 2475 quum
842 2398 889 2459 sit
903 2398 940 2458 in
955 2414 1076 2475 genere
1089 2415 1150 2458 suo
1167 2400 1315 2474 unicum,

111 2501 242 2562 bonum
262 2500 399 2561 videtur
419 2499 507 2561 illud
527 2482 776 2576 hic'integrum
798 2500 935 2576 referre,
957 2501 1048 2577 quod
1069 2500 1118 2560 sic
1139 2517 1175 2560 se
1196 2500 1315 2561 habet:

202 2617 293 2694 1861,
315 2619 335 2679 8
358 2617 531 2679 lanuarii.
688 2600 739 2678 De
764 2617 995 2678 SodaHtatum
1021 2617 1233 2679 Rectoribus.

161 2736 266 2797 Urbis
288 2740 323 2797 et
347 2735 456 2797 Orbis.
503 2737 587 2797 Cum
611 2739 726 2813 plures
750 2737 1071 2813 Confraternitates,
1098 2738 1316 2815 sodalitates,

111 2837 196 2916 piae
215 2837 376 2916 Uniones,
398 2843 461 2900 etc.
505 2838 789 2901 christifidelium
812 2841 973 2901 canonice
995 2846 1127 2902 erectae
1149 2841 1317 2918 reperian-

111 2945 187 3015 tur,
207 2939 386 3018 inquibus
407 2940 473 3002 leci
493 2941 699 3003 Ordinarius
720 2942 950 3019 designaverit
970 2922 1170 3020 parochum,
1187 2943 1245 3020 qui
1267 2959 1318 3003 ra-

111 3041 212 3104 tione
227 3041 387 3118 muneris,
403 3043 493 3120 qued
508 3046 641 3104 exercet
656 3059 718 3120 pro
734 3047 895 3127 tempere,
912 3061 977 3121 que
993 3061 1132 3118 munere
1145 3043 1316 3121 fungitur,

112 3143 165 3205 sit
188 3143 398 3204 constitutus
422 3144 740 3222 Coniraternitatis,
764 3149 827 3206 etc.
872 3146 1006 3221 Rector,
1030 3146 1233 3221 moderator,
1258 3162 1318 3206 seu

112 3261 327 3323 quecumque
360 3245 465 3306 titulo
498 3246 701 3323 appelletur,
736 3247 879 3323 proinde
911 3247 1094 3309 facultate.
1115 3249 1243 3324 polleat
1277 3265 1317 3308 ea

113 3346 275 3431 gerendi,
288 3364 374 3424 quae
394 3347 439 3407 ad
460 3347 620 3408 Rectores
642 3339 809 3426 spectant,
830 3353 865 3410 et
886 3349 1000 3425 etiam,
1022 3354 1191 3427 quatenus
1212 3349 1249 3409 in
1271 3367 1318 3410 re

115 3447 271 3525 spectiva
300 3448 491 3511 Sodalitate
518 3449 553 3510 id
581 3450 705 3510 rectori
733 3449 942 3525 tribuantur,
961 3452 1075 3520 fideles
1092 3451 1317 3527 adscribendi,

113 3550 258 3611 habitus
276 3550 495 3611 benedicendi
514 3555 549 3612 et
567 3553 773 3630 scapularia,
793 3553 920 3630 illaque
938 3553 1144 3631 imponendi,
1164 3571 1317 3631 coronas,

113 3655 193 3728 etc,
211 3651 344 3730 pariter
359 3653 579 3714 benedicendi
597 3654 697 3730 juxta
715 3654 901 3715 facultates
920 3655 964 3714 ad
982 3654 1169 3730 quamlibet
1190 3654 1315 3716 Sodali⁴

113 3756 226 3815 tatem
260 3757 454 3842 spectantes
488 3771 550 3832 pro
583 3754 753 3815 similibus
787 3754 1074 3831 impositionibus,
1107 3759 1180 3832 etc,
1216 3760 1319 3833 atque

116 3855 260 3916 dubium
285 3859 441 3918 exertum
468 3855 515 3916 sit
541 3856 632 3918 circa
658 3855 854 3932 huiusmodi
881 3855 1151 3932 designationem
1178 3856 1318 3934 parochi

116 3956 225 4020 libere
244 3958 284 4018 D.
304 3958 344 4018 N.
362 3957 425 4017 Pie
444 3958 510 4016 PP.
532 3957 583 4016 IX
601 3956 640 4015 in
658 3956 846 4017 Audientia
863 3955 932 4018 diei
952 3957 972 4016 8
991 3957 1014 4017 J
1017 3957 1153 4041 anuarii
1174 3959 1264 4034 1861,
1283 3962 1318 4021 et

118 4057 297 4121 Sanctitas
325 4059 519 4136 derogando
546 4058 704 4119 omnibus
732 4059 904 4136 hucusque
933 4059 1019 4119 hanc
1048 4058 1318 4136 designationem

116 4161 239 4239 quavis
259 4159 468 4223 auctoritate
487 4164 522 4221 et
542 4159 659 4236 quevis
679 4160 778 4220 modo
798 4160 902 4221 aliter
921 4159 1154 4236 praescriptis,
1174 4161 1319 4240 benigne

117 4263 266 4338 sanavit,
293 4267 462 4340 quatenus
488 4279 573 4338 epus
600 4259 656 4336 sit,
683 4260 772 4321 tales
801 4259 1055 4337 designationes
1082 4263 1317 4338 parochorum,

92 4394 96 4401 ·
117 4379 252 4426 necnon
278 4368 357 4426 acta
383 4381 444 4442 per
469 4364 562 4442 ipses
589 4366 763 4440 tamquam
791 4365 949 4438 rectores,
976 4364 1011 4422 et
1038 4361 1231 4451 adscriptos
1259 4382 1320 4444 per

153 4528 313 4588 ''Reserlp
331 4525 450 4577 authen.
468 4537 496 4575 n.
513 4523 574 4586 189.

1250 4631 1283 4680 61
