2850 4996
368 435 420 493 De
437 431 778 506 confraternitatum
794 428 1037 487 Ecclesiasticia
1276 425 1315 483 61

103 631 221 693 dubia
243 632 286 693 de
307 648 388 693 vero
410 632 508 693 illius
530 650 652 709 sensu;
675 633 745 693 imo
768 633 885 710 plures
908 649 950 693 ex
974 634 1074 709 parte
1097 630 1315 709 potissimum

105 733 364 812 Episcopomm
381 735 532 813 porrecti
548 735 692 797 fuerunt
708 735 818 796 libelli
836 734 1018 812 supplices,
1036 734 1161 811 quibus
1178 734 1277 794 enixe
1294 751 1316 795 a

107 834 225 897 Sacra
254 835 526 914 congregatione
556 836 809 914 postulabatur,
840 840 880 897 ut
910 853 978 896 non
1008 835 1168 896 obstante
1198 851 1315 912 supra-

107 936 303 999 memorato
329 938 475 999 Decreto
502 939 660 999 absentes
688 938 839 999 adscribi
867 940 1006 1016 possent
1035 938 1158 997 saltem
1186 936 1315 997 Sodali·

107 1038 249 1101 tatibus
261 1057 321 1101 seu
335 1038 403 1117 piis
417 1039 610 1101 Unionibus
624 1040 758 1117 piisque
771 1039 949 1116 Operibus,
963 1055 1050 1115 quae
1063 1054 1163 1099 verae
1176 1036 1317 1097 Confra-

106 1141 298 1203 ternitates
321 1142 391 1204 dici
415 1146 598 1220 nequeunt,
621 1142 791 1219 simulque
813 1143 1069 1219 proponebatur
1094 1141 1224 1217 modus,
1249 1156 1316 1217 quo

110 1243 174 1306 via
194 1243 232 1304 in
251 1247 426 1320 posterum
446 1244 726 1323 praecingeretur
746 1245 920 1321 abusibus,
941 1245 1001 1322 qui
1023 1245 1196 1321 hucusque
1215 1244 1317 1304 inole

110 1349 238 1407 verant
251 1346 289 1406 in
303 1345 497 1408 absentium
510 1346 746 1424 inscriptione.
782 1346 896 1419 Quare
910 1347 1056 1424 desuper
1070 1345 1124 1406 bis
1139 1344 1318 1423 sequentia

111 1447 224 1509 dubia
236 1448 397 1510 solvenda
411 1448 589 1526 proposita
602 1448 762 1510 fuerunt:

159 1546 198 1609 1⁰
223 1550 348 1611 Utrum
367 1550 551 1612 Decretum
570 1549 640 1611 diei
660 1550 701 1611 13
720 1549 854 1627 Aprilis
874 1550 956 1611 1878
975 1549 1157 1627 prohibens
1176 1548 1318 1626 inscrip-

111 1650 246 1713 tionem
264 1651 468 1728 absentinm,
486 1653 532 1713 ad
550 1651 626 1729 pias
645 1651 796 1713 Uniones
814 1655 849 1713 et
868 1651 927 1729 pla
944 1652 1067 1729 Opera,
1084 1668 1172 1728 quae
1189 1669 1211 1713 a
1228 1651 1318 1711 veris

112 1752 474 1815 Confraternitatibus
489 1753 764 1830 distinguuntur,
779 1754 1009 1815 extendatur?

159 1851 199 1915 2⁰
224 1855 349 1917 Utrum
365 1859 401 1917 et
419 1855 585 1932 quomodo
602 1858 681 1933 post
699 1858 923 1941 memoratum
940 1856 1123 1916 Decretum
1141 1855 1319 1933 probanda

112 1956 172 2019 vel
189 1956 419 2035 permittenda
436 1957 484 2019 sit
500 1957 683 2035 inscriptio
700 1956 870 2017 sociorum
887 1955 1090 2031 absentium,
1108 1973 1185 2017 cnm
1202 1955 1320 2033 agitnr

113 2059 160 2121 de
173 2059 244 2120 veri
259 2058 407 2120 nominis
422 2059 742 2120 Confraternitate?

159 2156 200 2222 3⁰
224 2160 315 2234 Quid
331 2161 603 2237 respondendum
619 2161 731 2238 quoad
747 2159 931 2238 petitiones
947 2160 1117 2222 exhibitas
1134 2178 1155 2222 a
1171 2161 1320 2222 modera-

113 2255 253 2325 toribus
272 2262 618 2338 Oonfraternitatnm,
637 2261 838 2340 praesertim
858 2262 902 2323 ab
920 2260 1110 2338 Episcopis,
1129 2261 1188 2339 qui
1207 2264 1320 2338 postu·

115 2364 206 2442 lant,
228 2365 477 2427 nonobstante
499 2366 654 2441 Decreto,
676 2364 826 2426 adscribi
849 2381 948 2442 posse
969 2364 1156 2442 praedictis
1180 2365 1320 2427 Confra-

115 2464 345 2528 ternitatibus
359 2467 516 2528 absentes
530 2483 590 2544 per
602 2466 740 2527 litteras
754 2470 788 2528 et
802 2483 862 2544 per
875 2466 1115 2543 interpositam
1129 2483 1320 2544 personam,

115 2567 191 2630 sive
203 2571 344 2646 propter
357 2567 647 2644 consuetudinem,
661 2567 732 2629 sive
746 2571 886 2645 propter
900 2585 1005 2628 novas
1019 2568 1172 2629 rationes
1186 2569 1229 2630 ab
1244 2568 1321 2645 ipsa

116 2669 331 2748 experientia
349 2669 571 2748 desumptas?

161 2767 201 2832 4⁰
226 2771 400 2844 Quaenam
416 2771 487 2833 alia
502 2770 765 2849 praescribenda
779 2771 816 2832 in
831 2773 936 2834 casu?

155 2872 287 2946 Quibus
314 2873 351 2934 in
379 2870 650 2950 congregatione
677 2873 837 2934 Generali
863 2873 982 2934 habita
1007 2873 1043 2933 in
1072 2874 1209 2936 Palatio
1235 2875 1321 2953 Apo·

117 2975 243 3037 stolico
258 2974 428 3037 Vaticano
444 2975 499 3035 die
515 2976 554 3035 14
569 2975 669 3035 danii
688 2976 769 3036 1880
783 2976 853 3036 ΕΕ.
866 2977 937 3036 ΡΡ.
954 2976 1221 3054 rescripserunt:

164 3077 217 3138 Ad
233 3078 262 3153 1,
277 3077 307 3154 2,
322 3077 359 3138 3:
382 3076 624 3138 Providebitnr
638 3077 676 3138 in
690 3074 741 3138 4⁰.

165 3179 220 3240 Ad
238 3181 274 3239 4:
295 3179 411 3240 Firmo
429 3183 624 3241 remanente
642 3181 785 3242 Deci-eto
803 3181 870 3243 diei
891 3182 929 3240 13
949 3183 1079 3259 Aprilis
1100 3185 1190 3251 1878,
1209 3183 1322 3245 dubiis

119 3283 156 3342 et
181 3280 405 3358 petitionibus
431 3282 617 3359 propositis
644 3283 866 3360 provideatur
891 3302 952 3362 per
977 3286 1170 3362 appositam
1198 3287 1322 3348 instru-

120 3381 268 3444 ctionem
286 3387 320 3444 et
336 3383 556 3461 dipositivam
576 3385 840 3447 declarationem
859 3387 960 3465 juxta
978 3392 1122 3449 mentem
1143 3388 1321 3466 panditam

121 3500 186 3563 pro
200 3484 404 3562 opportunis
420 3486 685 3564 exceptionibus.

167 3586 210 3646 In
241 3586 419 3648 audientia
451 3587 519 3649 diei
553 3589 593 3650 19
625 3589 724 3650 Junii
757 3591 838 3651 1880
872 3590 1031 3651 Summus
1062 3591 1224 3652 Pontifex
1256 3592 1323 3653 Leo

122 3688 219 3749 XIII
251 3686 377 3750 Sacrae
409 3689 692 3768 Congregationis
723 3690 890 3770 judicium
922 3691 958 3752 in
991 3691 1148 3753 omnibus
1180 3692 1324 3771 benigne

22 3838 29 3853 .
121 3789 365 3868 approbavit.⁷³

170 3890 236 3953 Per
263 3892 444 3954 Decretum
477 3893 577 3953 Urbis
606 3897 639 3955 et
669 3893 769 3953 011111
801 3894 841 3957 111
870 3893 925 3956 die
955 3895 995 3954 26
1025 3895 1221 3956 Novembris
1242 3895 1323 3955 18811

121 3992 255 4071 prodiit
277 3995 465 4057 declaratio
489 3995 625 4056 Decreti
648 3995 714 4056 diei
739 3996 779 4055 13
802 3994 934 4073 Aprilis
957 3996 1039 4057 1878
1060 3996 1102 4057 de
1125 3996 1323 4059 absentibus

122 4111 194 4155 non
215 4096 449 4158 adscribendis
470 4097 514 4157 ad
536 4095 612 4174 pias
635 4096 855 4159 Sodalitates.
899 4096 1089 4175 Praecipua
1110 4097 1185 4176 ejus
1207 4098 1324 4177 capita

122 4196 180 4259 bic
195 4213 372 4275 exponam,
389 4215 475 4275 quae
491 4198 535 4258 ad
551 4197 633 4260 baec
649 4197 764 4258 reduci
780 4202 942 4276 possunt:

166 4299 197 4361 1.
219 4298 508 4376 Distinguendum
535 4303 588 4361 est
616 4298 707 4360 inter
735 4298 944 4361 Sodalitates
971 4315 1032 4377 pro
1059 4299 1217 4362 universo
1244 4303 1325 4364 orbe

121 4400 304 4475 catholico,
322 4419 362 4463 ac
381 4400 590 4463 Sodalitates
609 4417 671 4478 pro
689 4404 783 4462 certa
801 4404 937 4462 tantum
956 4400 1101 4464 dioecesi
1119 4403 1172 4463 vel
1188 4403 1324 4482 regione

122 4520 335 4533 ——u—

158 4548 303 4600 ”Deerat
319 4549 401 4600 auth.
418 4562 446 4599 11.
463 4549 522 4600 452.
