2850 4996
377 416 426 472 De
446 416 785 489 Oousroterm‘tutibus
802 419 1044 476 Ecclesiastime
1284 420 1321 476 47

118 628 287 690 gerorum,
314 613 468 691 fidetium
495 632 614 694 nempe
641 617 820 695 utriusque
848 634 958 695 aeuus,
986 619 1044 695 qui
1072 620 1233 681 chordam
1259 637 1320 698 per·

119 715 273 792 ejusdem
297 715 436 776 Ordinis
465 716 670 794 (Minorum)
698 719 841 780 Fratres
864 720 1096 797 pericolitom
1119 721 1320 782 miliorum

120 817 298 877 deuotione
319 818 487 896 deserunt,
506 836 547 881 oo
565 820 629 880 illo
648 821 833 898 oiupoutur
852 823 914 882 sub
934 822 1149 882 iuvocotioue
1168 822 1320 898 ejusdem

118 917 154 979 S.
186 918 374 981 Frouou'am'.
430 919 566 982 Sciebat
597 921 687 982 enim
718 922 890 1000 Pontifex,
923 922 1145 1000 Seraphicum
1177 924 1317 984 Patrem

118 1023 221 1081 tanta
242 1021 459 1098 praestitisse
479 1022 676 1099 sanctitate,
698 1028 751 1085 tot
772 1024 948 1101 tantisque
969 1024 1134 1085 claruisse
1156 1024 1263 1101 signis
1285 1028 1320 1085 et

119 1121 307 1200 miraculis,
333 1127 374 1204 ut
396 1141 481 1202 peue
507 1141 622 1185 omues
647 1127 692 1186 od
716 1127 771 1186 aui
796 1126 1007 1187 devotionem
1031 1130 1065 1186 et
1090 1127 1319 1186 imitationem

116 1225 339 1302 pertrouem't,
353 1226 519 1303 multo'que
535 1244 576 1286 eo
589 1227 676 1303 ipsis
692 1227 981 1305 christifidelibus
996 1228 1158 1288 chordam
1174 1227 1319 1288 similem

118 1327 162 1403 ei,
180 1343 248 1404 quo
264 1327 338 1404 ipae
358 1328 439 1388 dum
457 1328 495 1388 iu
514 1330 576 1390 boo
594 1330 730 1389 soeculo
749 1332 945 1390 remoretur
963 1329 1096 1390 oiuotue
1115 1333 1201 1406 erut,
1220 1329 1319 1390 bodie

118 1429 315 1503 celerante

160 1528 286 1607 Vigore
316 1535 523 1592 memoratae
554 1531 823 1593 ConstitutionIs
853 1533 909 1609 jus
941 1532 1094 1610 erigendi
1124 1533 1248 1610 ubique
1279 1533 1316 1592 in

115 1631 269 1693 ecclesiis
295 1633 573 1695 Franciscalibus
599 1633 928 1695 Confraternitetem
956 1634 1240 1711 Chordigerorum
1266 1638 1318 1695 est

115 1750 220 1811 penes
257 1733 419 1795 Ordinem
458 1735 629 1796 Minorum
667 1735 962 1811 Conventualium,
1000 1737 1168 1813 privative
1207 1738 1318 1813 quood

116 1852 245 1914 omues,
277 1837 337 1897 ubi
353 1837 422 1914 Ipsi
439 1838 602 1898 esistunt.
644 1837 685 1896 In
703 1837 788 1897 locis
806 1854 893 1913 vero,
913 1838 970 1898 ubi
989 1855 1057 1897 non
1076 1842 1158 1899 sunt
1177 1839 1317 1899 Fratres

116 1937 378 2015 Oonventnales,
402 1939 489 2000 tales
512 1938 825 2000 GontraternItates
848 1939 977 2016 erigere
1000 1943 1144 2017 possunt
1167 1939 1317 2000 Minores

115 2040 160 2101 de
184 2039 411 2102 Obseruantia
435 2040 472 2100 in
497 2040 569 2101 suis
594 2041 755 2116 ecclesiis,
782 2058 822 2101 ex
849 2041 1063 2101 concessione
1088 2041 1199 2118 ipsius
1226 2041 1316 2102 Sixti

114 2142 148 2203 V
188 2141 454 2220 Constitutione,
493 2142 644 2220 incipien
684 2144 803 2220 Nuper
842 2143 1242 2220 Arobieoutroteruitoti,
1281 2144 1317 2203 et

117 2243 279 2306 Clemetis
296 2244 329 2304 X
348 2243 535 2306 Constitut.
552 2242 711 2321 incipien.
749 2245 890 2305 Dudum
905 2244 1025 2322 felicia

159 2345 203 2407 In
215 2345 383 2407 erectione
395 2363 481 2424 quae
493 2346 534 2408 fit
546 2346 755 2407 auctoritate
768 2346 962 2424 Superioris
977 2346 1154 2407 Generalis
1167 2346 1316 2424 alicuius

114 2447 268 2525 Ordinis,
283 2447 377 2509 salvo
392 2447 559 2526 peculiari
574 2447 762 2525 privilegio,
778 2448 1007 2509 observandae
1022 2451 1114 2524 sunt,
1129 2449 1191 2508 sub
1207 2465 1316 2526 poena

115 2548 302 2627 nullitatis,
329 2550 467 2626 regulae
492 2549 725 2627 praescriptae
749 2550 786 2609 in
814 2548 1054 2611 Constituione
1080 2550 1315 2628 Quaecumque

115 2651 136 2713 7
174 2650 368 2713 Decembris
405 2651 496 2728 1704,
532 2651 717 2712 Clementis
754 2652 855 2723 VIII,
894 2653 1062 2727 quatenus
1100 2651 1316 2713 instauratae

114 2752 252 2814 decreto
272 2753 374 2815 Urbis
391 2757 426 2814 et
446 2753 557 2830 Orbis,
572 2753 628 2813 Pii
647 2754 714 2814 PP.
734 2754 796 2829 IX,
815 2754 835 2814 8
853 2752 1016 2814 Ianuarii
1035 2753 1126 2814 1861.
1166 2754 1315 2831 Regulae

114 2854 321 2933 praecipuae
340 2858 422 2916 sunt
442 2859 637 2933 sequentes:

159 2958 188 3017 1.
211 2956 362 3019 Litterae
389 2957 571 3019 erectionis
601 2957 675 3034 ejus
704 2957 828 3019 debent
856 2975 928 3019 esse
957 2957 1096 3033 formae,
1126 2974 1212 3034 quae
1242 2957 1315 3018 sub-

113 3057 330 3120 stantialiter
350 3062 518 3136 congruat
537 3059 705 3120 formulae
725 3059 958 3137 praescriptae
978 3077 999 3120 a
1019 3059 1193 3121 Clemente
1211 3060 1313 3121 VIII.

113 3160 172 3238 Et,
192 3158 261 3221 nisi
280 3159 318 3220 in
338 3159 423 3238 ipsis
444 3159 573 3222 lItteris
593 3161 845 3237 contineantur,
866 3161 969 3221 simul
988 3163 1110 3223 saltem
1132 3179 1207 3222 cum
1227 3161 1313 3239 ipsis

112 3261 192 3325 dari
207 3261 331 3324 debent
347 3260 532 3340 praecipua
548 3261 664 3340 capita
681 3261 949 3324 Constitutionis
967 3263 1212 3340 Quoeoumque.

157 3364 188 3425 2.
211 3363 288 3426 Una
309 3367 447 3425 tantum
469 3363 749 3425 Confraternitas
771 3364 922 3442 ejusdem
944 3364 1077 3441 generis
1099 3368 1133 3424 et
1158 3363 1313 3425 instituti

111 3464 201 3544 erigi
213 3466 327 3544 potest
338 3465 376 3525 in
389 3481 458 3526 uno
470 3467 651 3544 eodemque
663 3467 746 3544 loco,
760 3483 800 3528 ea
812 3483 880 3543 qua
893 3466 992 3526 modo
1005 3465 1154 3527 diximus
1168 3465 1312 3527 ratione.

155 3567 187 3629 3.
209 3565 313 3629 Prius
343 3567 548 3630 obtinendus
578 3571 631 3629 est
661 3566 811 3646 scriptus
842 3583 1026 3628 consensus
1057 3565 1229 3643 Episcopi,
1260 3567 1313 3627 vel

110 3668 247 3732 Vlcarii
267 3668 455 3746 Generalis,
476 3669 552 3746 rite,
573 3673 747 3746 utsupra,
769 3666 926 3745 delegati.
968 3668 999 3727 A
1020 3684 1086 3744 quo
1105 3667 1218 3728 dando
1239 3683 1313 3727 con·

111 3787 217 3834 sensu
235 3769 408 3833 abstinere
426 3787 462 3832 se
481 3770 589 3846 debet,
609 3770 662 3830 uti
680 3769 752 3846 jam
772 3767 975 3844 notavimus,
994 3767 1155 3830 VicarIus
1174 3767 1312 3846 Capitu-

110 3871 209 3936 laris.
241 3872 395 3935 Litterae
407 3870 530 3950 quibus
542 3887 701 3932 assensus
714 3869 931 3947 significatur
943 3869 1177 3930 commendare
1190 3869 1313 3930 debent

110 3974 278 4053 pietatem
298 3991 339 4037 ac
359 3972 557 4050 religionem
579 3969 779 4032 Instituti.⁶³

155 4077 320 4139 Attamen
338 4076 368 4137 si
387 4078 513 4153 agetur
529 4074 572 4135 de
589 4070 944 4134 Oontraternitatibus
963 4089 984 4132 a
1005 4069 1245 4146 Superioribus
1265 4087 1311 4130 re·

109 4177 247 4256 ligiosis
262 4178 299 4239 in
315 4175 465 4256 propriis
481 4174 553 4237 suis
568 4172 720 4236 ecclesiis
736 4171 916 4250 erigendis,
933 4169 1111 4232 Ordinarii
1127 4187 1311 4231 consensus

107 4286 197 4344 tunc
210 4281 304 4342 solus
315 4284 369 4342 est
383 4276 603 4352 necessarius,
619 4275 754 4352 quando
770 4274 886 4352 agitur
899 4274 942 4335 de
956 4270 1310 4335 Contraternitatibus
1368 4354 1369 4358 Ἰ

106 4414 432 4512 Mettum
446 4457 524 4516 apud
540 4453 693 4513 weduna,
710 4457 781 4506 tom.
796 4454 891 4509 XXII.
909 4465 974 4514 pag.
992 4452 1053 4504 354.

146 4528 203 4580 ⁸³8.
220 4529 250 4581 c.
268 4527 383 4585 Indulg.
400 4527 454 4578 sub
471 4526 518 4577 die
535 4525 551 4576 t
566 4523 668 4574 Martii
685 4526 715 4574 et
730 4522 765 4575 20
780 4523 853 4582 Meli
870 4523 947 4576 1895.
