2850 4996
367 413 419 469 Dc
436 412 777 485 cosmimitstibss
791 414 1036 472 Ecclesiasticia
1275 413 1314 470 45

112 596 261 676 quodam
282 594 423 674 proprio
443 596 571 658 eisdm
593 597 783 658 Ordinibus
804 598 979 676 competit
1023 599 1122 660 Inter
1144 600 1208 660 bas
1230 605 1314 661 sunt

112 699 339 760 recensendae
360 697 572 760 Sodalitates
594 698 723 760 SSmae
744 699 940 775 Trinitatis,
960 701 1001 760 B.
1024 701 1070 760 it
1094 700 1250 778 Virginis
1270 703 1313 763 de

115 802 233 863 bionte
248 801 413 877 Carmelo,
428 817 561 862 necnon
577 817 599 860 a
617 801 753 878 Septem
771 801 956 862 Doloribus
972 818 1061 879 qnae
1076 820 1098 863 a
1115 802 1313 879 respectivis

112 901 302 964 Ordinibus
323 905 406 963 sunt
426 901 613 963 institutae
633 919 676 964 uc
696 903 845 980 proinde
862 905 906 965 ub
927 904 1015 982 ipsis
1035 905 1114 982 jure
1136 905 1313 966 ordinario

112 1003 326 1083 erigaatar.’'

156 1104 479 1182 contraternitates,
511 1122 657 1185 quarum
689 1104 818 1167 erectio
849 1110 1025 1168 reservata
1056 1111 1112 1168 est
1143 1108 1314 1170 exclusive

111 1207 301 1271 Ordinibus
327 1207 567 1286 Regularibus,
597 1206 803 1286 praecipuae
831 1213 915 1269 sunt
943 1212 1140 1286 sequentes:
1171 1209 1312 1272 Gonfra·

113 1309 262 1374 ternitas
288 1310 386 1371 SSmi
409 1309 557 1385 Rosarii,
585 1309 785 1386 Scapulanis
810 1309 849 1370 B.
876 1311 921 1371 il.
946 1310 1103 1386 Virginis
1130 1313 1172 1374 de
1197 1313 1314 1373 Monte

112 1412 279 1490 carmelo,
304 1412 430 1474 SSmae
452 1411 637 1473 Trinitatis
658 1417 693 1473 et
716 1413 994 1474 Contratemitas
1017 1414 1312 1492 Chordigerorum.

112 1514 167 1577 De
183 1513 328 1592 singulis
344 1514 548 1591 singillatim
565 1530 675 1591 pauca
691 1512 813 1575 dicam.

161 1615 215 1692 (a)
242 1615 556 1678 Confraternitatea
576 1615 676 1677 ssmi
694 1616 832 1678 Rosarii
850 1616 980 1694 erigere
999 1622 1144 1694 possunt
1162 1623 1198 1680 et
1216 1619 1313 1681 insti·

110 1720 211 1779 tuere
238 1718 349 1779 solum
378 1717 520 1780 Ordinis
550 1718 714 1779 Fratrum
744 1718 1027 1779 Praedicatorum
1058 1720 1229 1797 Magistri,
1260 1723 1313 1782 vel

112 1819 246 1881 Vicarii
265 1820 457 1896 Generales,
475 1823 510 1882 et
528 1837 591 1897 per
609 1836 667 1882 eos
687 1819 845 1896 deputati
862 1824 980 1897 patres
999 1822 1150 1897 ejusdem
1172 1822 1313 1883 Ordinis

111 1919 218 1983 etiam
233 1920 272 1982 in
286 1920 520 1983 saecularibus
534 1921 698 1997 ecclesiis,
716 1925 755 1982 ut
771 1924 909 1982 constat
924 1939 966 1982 ex
982 1923 1156 1984 variorum
1173 1925 1312 1986 Pontifi-

111 2039 190 2084 cum
218 2021 502 2100 Oonstitionibus,
528 2026 564 2085 et
590 2023 770 2101 signanter
796 2040 838 2083 ex
866 2022 1123 2086 Constitutione
1151 2025 1242 2086 Sixti
1271 2029 1312 2089 V.

111 2124 217 2203 incip.
233 2126 326 2188 Dum
341 2125 543 2203 ineffabilia,
559 2125 619 2186 ubi
635 2125 711 2202 ipse
727 2123 890 2184 Pontifex
907 2124 1098 2202 confirmat,
1117 2131 1152 2188 et
1170 2127 1313 2189 innovat

111 2225 346 2305 indulgentias
361 2230 397 2288 et
413 2226 594 2305 privilegia
611 2243 632 2287 a
649 2225 972 2287 Praedecessoribus
989 2227 1063 2287 suis
1080 2227 1312 2290 Confraterni·

112 2327 246 2392 tatibus
262 2328 361 2392 ssmi
375 2328 531 2390 Rossarii
547 2343 715 2389 concessa.
752 2328 799 2388 Et
816 2328 1039 2390 Innocentius
1056 2329 1108 2388 XI
1127 2330 1164 2390 in
1182 2330 1312 2392 Consti-

110 2429 248 2492 tutione
270 2430 374 2508 incip.
397 2431 535 2508 Fcpom‘
555 2429 674 2505 Nobis,
697 2428 913 2490 confirmavit
936 2433 972 2490 et
995 2430 1162 2493 validavit
1186 2450 1312 2508 omnes,

110 2534 147 2594 et
165 2531 321 2610 singulas
339 2530 654 2592 Gonfraternitates
672 2529 736 2591 sub
754 2530 861 2591 titulo
881 2529 1099 2592 sanctissimi
1116 2534 1254 2595 Resarii
1275 2535 1312 2595 in

110 2633 289 2712 quibusvis
307 2633 392 2695 locis
412 2632 555 2712 positas,
574 2634 611 2693 et
629 2631 826 2707 existentes,
846 2631 928 2693 licet
948 2633 990 2693 de
1009 2650 1126 2694 earum
1147 2637 1312 2698 canonica

89 2809 94 2820 .
110 2736 156 2798 ab
171 2733 275 2796 initio
290 2734 469 2810 erectione,
485 2738 520 2796 et
536 2732 758 2795 institutione
774 2750 842 2792 non
859 2737 1043 2810 appareat3
1061 2738 1096 2796 et
1111 2753 1169 2797 eas
1185 2736 1223 2797 in
1239 2742 1310 2800 tam

110 2837 228 2899 valido
243 2839 338 2898 statu
354 2855 436 2911 esse,
451 2838 488 2898 et
502 2836 576 2898 fore
593 2833 752 2910 decrevit,
765 2833 845 2894 acsi
857 2834 938 2896 illae
957 2837 1117 2899 canonice
1128 2843 1261 2901 erectae
1277 2845 1312 2903 et

108 2938 297 3000 institutae
312 2937 478 2999 fuissent:
495 2940 632 2999 servata
648 2939 764 2998 tamen
781 2937 999 3014 caeteroquin
1017 2937 1311 3003 Constitutionum

108 3043 146 3103 et
158 3040 381 3101 Decretorum
394 3038 542 3101 Sanctae
555 3037 652 3100 Sedis
664 3038 787 3113 forma,
798 3041 834 3099 et
846 3037 1071 3114 dispositione
1084 3040 1175 3103 circa
1188 3043 1310 3105 talium

109 3141 448 3211 Confraternitatum
468 3139 682 3215 erectionem,
704 3143 739 3201 et
760 3138 1025 3200 institutionem.
1048 3141 1115 3202 Hic
1137 3146 1311 3208 attenden-

108 3245 194 3306 dum
210 3248 263 3305 est
278 3260 420 3322 sequens
436 3241 540 3304 Sacre
556 3239 839 3318 Oongregationis
856 3241 1056 3301 Decretum:

154 3359 238 3422 1747
279 3359 321 3420 25
341 3357 501 3435 Augusti.
542 3356 820 3419 Oonfraternitas
842 3354 902 3415 SS.
923 3351 1071 3414 Rosarii.

155 3474 241 3538 cun
259 3473 470 3554 experientia
486 3475 696 3551 compertum
715 3472 772 3547 sit,
790 3469 975 3530 nonnullas
995 3465 1055 3528 ΒΕ.
1073 3460 1210 3524 Rosarii
1230 3459 1312 3520 Con·

108 3576 353 3640 fraternitates
396 3575 605 3637 auctoritate
647 3574 830 3634 dumtaxat
872 3567 1068 3640 Ordinaria,
1112 3558 1311 3637 irrequisito

109 3678 282 3757 Magistro
306 3677 466 3740 Generali
492 3678 560 3738 FF.
586 3673 728 3736 Ordinis
753 3672 1035 3734 Praedicatorum
1060 3664 1157 3742 erigi,
1183 3679 1223 3725 ac
1248 3677 1311 3739 pro

107 3781 184 3843 illis
208 3779 444 3858 Apostolicum
467 3779 575 3839 Breve
598 3793 675 3838 cum
699 3772 925 3851 indulgentiis
948 3769 1147 3844 cuicumque
1171 3763 1310 3827 Contra·

108 3881 274 3946 ternitati
296 3880 458 3943 canonice
483 3881 616 3940 erectae
640 3875 711 3938 sive
735 3873 916 3951 erigendae
941 3867 1147 3949 generaliter
1173 3862 1310 3927 concedi

108 3983 284 4049 consuetis
296 3983 464 4061 expedire,
477 3977 635 4043 nonnulli
645 3981 744 4038 extra
756 3975 891 4049 Urbem,
905 3990 944 4034 ac
957 3968 1160 4050 praecipuae
1172 3965 1311 4044 quidam

108 4084 335 4150 ecclesiastici
359 4082 426 4144 viri
450 4084 485 4142 et
510 4078 689 4156 sanguinis
714 4075 896 4138 nobilitate
920 4077 955 4134 et
981 4087 1111 4131 morum
1138 4066 1310 4147 probitate

108 4187 264 4265 insignes
284 4204 326 4249 ex
346 4183 491 4247 dioecesi
513 4177 781 4255 Constantiensi,
802 4180 893 4239 recte
914 4173 1128 4247 dubitarunt,
1150 4186 1231 4231 num
1252 4168 1309 4229 hu·

109 4289 262 4370 jusmodi
285 4285 571 4351 Oonfrateritates
596 4279 778 4343 canonicae
803 4276 957 4354 reputari
982 4274 1106 4340 valent,
1131 4289 1169 4333 ac
1193 4284 1311 4333 revera

110 4391 331 4455 subsistant?
381 4388 495 4461 Quare
523 4401 639 4448 eorum
669 4380 805 4443 nomine
833 4380 901 4441 duo
931 4376 1126 4439 subinserta
1155 4372 1260 4436 dubia
1290 4389 1311 4434 a

111 4494 223 4557 Sacra
252 4489 522 4569 congregatione
551 4481 782 4560 Indulgentiis
813 4479 994 4558 Sacrisque
1022 4476 1189 4578 Reliquiis
1218 4490 1311 4553 prae

109 4596 226 4675 posita
245 4593 431 4657 decidenda
450 4591 592 4653 fuerunt
610 4583 779 4649 exhibita:
