2850 4996
380 449 431 507 De
448 447 789 522 sostratemitotibes
804 447 1048 506 Ecclesiastiois
1287 444 1325 505 ss

114 646 305 725 sodalitia,
327 664 414 726 quae
436 648 482 709 ad
505 647 587 709 illas
610 647 649 708 111
672 646 836 726 organica
859 645 915 708 sui
939 645 1188 708 constitutione
1211 646 1321 724 magis

116 749 301 828 accedunt,
328 749 463 811 soleant
488 749 593 811 etiam
620 748 721 828 juxta
748 746 907 826 proprias
934 748 1035 826 leges,
1063 764 1126 826 pro
1154 746 1324 808 sodalium

107 851 342 931 inscriptione
353 856 482 913 certam
494 851 645 929 aliquam
657 851 780 912 habere
792 852 937 912 formam
950 867 1026 911 cum
1039 850 1156 927 aliqua
1168 849 1321 910 solemni-

114 958 195 1016 tate
213 971 254 1016 ac
272 954 355 1032 ritu,
374 958 415 1016 ut
434 954 572 1032 publica
590 953 853 1015 candidatorum
873 953 996 1030 petitio
1017 970 1057 1014 ac
1076 951 1321 1030 praesentatio,

116 1055 280 1135 probatio
307 1055 424 1134 aliqua
450 1059 486 1117 et
513 1055 713 1133 novitiatus,
741 1057 793 1116 vel
819 1056 942 1116 saltem
968 1055 1144 1132 impositio
1171 1054 1321 1132 habitus,

117 1158 324 1237 scapularis,
353 1158 539 1234 cincturae,
567 1175 655 1235 quae
681 1176 723 1218 ea
750 1159 806 1218 111
833 1163 961 1219 notare
987 1160 1200 1235 personalem
1228 1175 1322 1236 proe-

116 1260 268 1322 sentidm
282 1261 474 1339 requirant.
512 1260 580 1321 Ρι·ο
596 1259 792 1338 hujusmodi
808 1260 926 1336 itaque
943 1259 1195 1320 Sodalitatibus
1212 1258 1322 1337 cujus·

117 1379 264 1441 cumque
280 1361 353 1424 siut
372 1361 521 1423 nominis
541 1361 638 1422 nulla
658 1361 832 1439 praesenti
853 1361 1084 1423 declaratione
1103 1361 1208 1422 datur
1229 1377 1321 1437 gene

118 1463 208 1526 ralis
229 1481 270 1526 ac
290 1464 469 1525 ordinaria
489 1463 643 1541 exceptio
665 1464 778 1540 alege
799 1464 840 1524 de
862 1480 930 1523 non
951 1463 1186 1524 adscribendis
1207 1466 1322 1524 obsea-

119 1568 233 1629 tibus:
252 1570 366 1628 tamen
385 1567 583 1628 conceditur
602 1583 717 1628 earum
738 1565 1011 1629 Moderatoribus
1029 1584 1209 1643 eorumque
1229 1567 1322 1628 Dele-

117 1667 223 1746 gatis,
244 1667 341 1730 utin
361 1669 497 1729 casibus
517 1668 751 1746 singularibus
771 1669 970 1746 dispensare
989 1669 1123 1747 possint
1144 1687 1165 1730 a
1186 1671 1322 1730 statuta

115 1771 233 1832 torma
252 1769 345 1832 inter
362 1772 572 1848 praesentes,
591 1787 630 1831 11
649 1771 807 1831 absentes
826 1771 930 1832 etiam
952 1787 1012 1848 per
1032 1771 1240 1848 singularem
1262 1787 1321 1831 seu

115 1871 433 1934 extraordinariam
453 1872 683 1950 exceptionem
703 1872 769 1933 rite
789 1872 991 1933 adscribere.

161 1975 193 2035 4.
215 1975 284 2034 Pro
303 1973 555 2035 sodalitatibus
568 1973 687 2050 etiam,
707 1974 774 2050 piis
792 1972 995 2049 Unionibus,
1015 1973 1082 2050 piis
1101 1973 1269 2052 Operibus
1287 1975 1323 2033 et

117 2076 364 2155 cujuscumque
376 2076 447 2136 sint
461 2076 608 2136 nominis
624 2075 863 2152 societatibus,
876 2093 963 2153 quae
976 2077 1107 2136 nullam
1121 2076 1247 2137 babent
1261 2092 1323 2153 pro

117 2177 355 2256 adscriptione
370 2178 543 2243 sodalium¹
554 2178 700 2239 formam
715 2195 755 2239 ac
770 2178 994 2239 ceremoniam
1010 2178 1102 2239 iuter
1115 2182 1322 2256 praesentes,

118 2281 305 2342 Decretum
326 2280 438 2358 quoad
458 2283 626 2358 absentes,
646 2283 812 2356 quantum
833 2280 907 2342 fieri
926 2284 1049 2358 potest,
1071 2280 1138 2341 rite
1157 2285 1321 2356 servetur,

110 2386 151 2444 et
162 2381 280 2461 potius
292 2381 523 2459 praesentium
535 2381 724 2457 adscriptio
738 2381 877 2442 facilior
888 2382 1054 2442 reddatur
1065 2398 1104 2442 ac
1116 2399 1178 2459 pro
1191 2382 1323 2449 viribus

118 2487 372 2563 promoveatur,
385 2484 627 2561 multiplicatis
641 2485 801 2544 canonice
815 2484 1092 2544 Associationes
1106 2485 1238 2544 centris
1248 2501 1323 2545 111·

118 2592 224 2666 11111
241 2604 306 2664 pro
325 2587 585 2664 opportunitate
605 2587 813 2661 Zetotorom,
831 2587 1065 2662 Zetetrietarn,
1083 2587 1323 2647 Promotoram

120 2689 174 2752 vel
189 2688 309 2766 quovis
324 2689 459 2750 nomine
475 2688 700 2764 appellentur,
718 2705 833 2749 eoram
848 2705 1000 2766 nurnero,
1016 2689 1074 2764 qui
1089 2689 1190 2765 juxta
1205 2705 1324 2766 appro-

117 2792 222 2853 batas
237 2790 399 2851 sodalitii
412 2790 502 2867 leges
518 2807 586 2850 non
602 2790 700 2851 modo
714 2789 980 2866 inscriptionum
996 2794 1179 2868 utcumque
1195 2808 1322 2869 promo·

120 2894 310 2956 vendarum
322 2892 476 2970 officium,
491 2895 549 2955 sed
562 2891 666 2953 etiam
679 2893 896 2954 adscribendi
908 2894 1323 2970 1111111111111111111111

118 2995 335 3072 fucultatem.
374 2995 438 3058 sed
453 3012 529 3056 cum
544 2996 579 3056 id
592 3013 654 3057 nec
668 3012 807 3071 semper,
822 3014 882 3057 nec
898 2995 1022 3071 ubique
1038 2997 1110 3057 fieri
1128 2998 1245 3073 possit,
1262 3014 1323 3058 nec

118 3096 225 3175 plane
243 3095 401 3174 sufficiat,
423 3097 622 3174 Apostolica
642 3096 855 3173 benignitate
875 3097 1121 3175 indulgendum
1143 3117 1215 3160 esse
1236 3100 1322 3160 vide-

117 3201 191 3275 tur,
218 3197 341 3275 utqui
366 3203 563 3276 praesentes
589 3199 760 3259 commode
784 3215 857 3260 esse
882 3204 1064 3276 nequeunt,
1091 3217 1159 3260 non
1185 3200 1323 3260 omnino

119 3299 362 3377 excludantur,
395 3302 453 3361 sed
486 3300 638 3375 quamvis
672 3303 838 3377 absentes,
872 3318 933 3376 per
964 3296 1116 3363 litteras
1137 3304 1188 3363 vel
1221 3301 1324 3363 inter-

118 3400 255 3480 positas
283 3405 461 3479 personas,
493 3419 579 3480 quae
610 3418 666 3462 eos
698 3406 964 3479 repraesentent,
997 3405 1147 3465 adscribi
1179 3405 1323 3466 discrete

118 3504 272 3581 1111111,
297 3503 451 3583 vitando⁸
466 3503 569 3566 simul
595 3505 732 3580 abusus,
759 3504 882 3582 quibus
907 3504 1053 3567 maxime
1080 3506 1322 3584 praecavendis

120 3598 426 3668 adscribendorum
452 3606 648 3682 praesentia
674 3604 872 3684 requiritur.
920 3607 1042 3684 Itaque
1068 3625 1145 3668 cum
1171 3608 1323 3684 plurium

120 3706 250 3768 diversi
268 3706 416 3768 nominis
436 3706 668 3769 Sodalitatum
686 3724 725 3768 11
744 3707 877 3785 piorum
896 3708 1045 3785 Operum
1063 3708 1114 3770 vis
1132 3712 1167 3770 et
1185 3702 1323 3771 utilitas

120 3808 271 3871 maxime
288 3808 336 3869 sit
353 3809 391 3869 in
410 3808 561 3870 fidelium
580 3826 731 3885 numero,
748 3808 807 3886 qui
825 3810 869 3869 ad
888 3808 985 3870 varia
1003 3809 1146 3887 pietatis
1163 3813 1197 3871 et
1217 3809 1322 3872 chari·

119 3910 209 3973 tatis
234 3910 399 3972 exercitia
424 3911 674 3987 consociantur,
700 3927 743 3971 ne
768 3910 983 3987 praesentiae
1008 3911 1160 3971 conditio
1185 3911 1323 3989 impedi·

121 4015 239 4074 mento
269 4011 317 4074 sit
346 4012 505 4074 felicibus
538 4011 748 4073 societatum
777 4004 1007 4087 incrementis,
1038 4030 1078 4075 ac
1109 4030 1151 4074 111
1167 4009 1323 4092 'plurimi

121 4114 241 4177 fideles
276 4115 386 4176 bonae
422 4112 612 4174 voluntatis
650 4113 692 4174 ab
729 4112 967 4190 inscriptionis
1002 4113 1164 4175 beneficio
1202 4120 1324 4178 contra

120 4215 262 4278 Decreti
282 4219 428 4277 mentem
449 4207 726 4292 praepediantur,
748 4213 781 4274 s.
802 4213 1030 4292 Gongregatio
1074 4262 1082 4276 .
1126 4261 1134 4277 .
1179 4263 1186 4278 .
1230 4235 1322 4295 prae

120 4317 215 4382 senti
250 4318 314 4380 1111
348 4315 552 4394 dispositiva
587 4314 818 4376 declaratione
863 4360 870 4375 .
915 4361 922 4376 .
967 4362 974 4378 .
1018 4316 1182 4395 declarat,
1217 4319 1321 4382 etiam

120 4418 282 4484 absentes
303 4420 348 4480 ad
369 4416 565 4496 hujusmodi
585 4416 662 4494 pias
683 4415 937 4478 Associationes
958 4418 1107 4482 adscribi
1128 4409 1236 4499 posse,
1258 4440 1322 4483 ser·
