2850 4996
369 427 418 483 De
438 424 777 498 Ooutroterue'totibus
793 422 1036 482 Ecclesiasticus
1276 420 1313 479 36

153 624 283 687 Eadem
299 625 354 686 lex
368 624 565 688 inculcatur
580 625 617 685 in
633 624 783 688 formula
800 643 820 687 a
839 624 1079 703 Superioribus
1097 623 1312 701 regularibus

109 728 150 788 iu
172 727 344 805 erigendis
368 727 722 789 confraternitatibus
746 728 923 789 servanda.
969 726 1108 787 Dicitur
1130 726 1220 788 enim
1245 725 1312 786 ibi:

112 830 325 892 “Dummodo
347 831 427 890 tulis
447 831 518 890 olto
539 828 662 891 similis
681 827 718 889 in
738 830 813 906 ipso
833 830 885 891 vel
907 828 974 890 alio
995 832 1040 891 ud
1061 828 1135 889 trio
1148 828 1312 888 milliario

110 931 304 1011 propinquo
333 932 407 993 loce
437 932 602 993 hactenus
633 935 746 994 erecta
777 949 846 992 non
876 932 993 1009 fuerit,
1025 948 1085 1009 per
1116 934 1312 1011 praesentes

111 1037 249 1095 nostras
267 1034 405 1096 litteras
422 1034 585 1111 erigimus
611 1034 1010 1110 (Confraternitatem).’.’

153 1136 223 1196 Nec
241 1135 377 1213 licebat,
397 1135 585 1213 generatim
603 1137 782 1214 loquendo,
800 1137 840 1196 iu
856 1135 1146 1214 frequentioribus
1166 1134 1312 1196 ciuitati·

113 1239 177 1299 bus
208 1236 522 1299 Confraternitates
554 1239 706 1316 ejusdem
736 1239 885 1298 nominis
917 1242 951 1297 et
981 1237 1139 1306 instituti
1171 1237 1309 1313 erigere.

111 1339 320 1401 Obveniente
334 1344 449 1401 autem
465 1327 680 1417 gravi'causa
694 1340 738 1400 ad
756 1339 918 1401 Sanctam
936 1339 1054 1399 Sedem
1064 1338 1312 1428 'recurrendum

110 1444 198 1519 erat,
220 1441 273 1502 uti
295 1445 392 1519 patet
413 1460 454 1503 ex
477 1443 622 1503 Decreto
643 1442 842 1503 authentico
863 1443 904 1503 N.
927 1442 989 1502 403
1011 1442 1056 1503 ad
1078 1442 1107 1502 2.
1130 1442 1312 1519 Proposito

109 1543 202 1604 enim
220 1543 341 1604 dubio:
362 1534 437 1603 ‘An
455 1543 492 1604 in
510 1543 801 1621 frequentioribus
820 1544 955 1605 Galliae
975 1543 1174 1605 civitatibus
1193 1544 1312 1605 liceret

110 1646 228 1723 plures
251 1645 564 1707 Confraternitates
594 1645 644 1719 (S.
666 1645 825 1723 Josephi)
852 1646 990 1722 erigere,
1014 1663 1090 1708 cum
1111 1646 1155 1706 ad
1176 1646 1312 1706 satisfa-

110 1747 269 1808 ciendum
316 1747 467 1808 fidelium
517 1747 689 1809 devotioni
736 1749 778 1809 ob
828 1748 979 1807 locorum
1026 1747 1229 1809 distantiam
1278 1752 1312 1809 et
1410 1744 1411 1749 ’

110 1848 327 1925 negotiorum
342 1849 577 1911 diversitatem
592 1867 661 1910 una
677 1849 955 1910 Confraternitas
970 1849 1107 1911 minime
1123 1846 1312 1929 sufficeret?

112 1950 221 2013 Sacra
239 1951 465 2029 congregatio
483 1953 677 2028 respondit:
706 1952 903 2012 Generatim
922 1952 1095 2029 negative;
1114 1952 1313 2013 obveniente

111 2058 228 2114 autem
245 2054 341 2130 gravi
357 2070 461 2115 causa
478 2045 677 2114 recurratur
693 2055 730 2114 in
747 2055 881 2115 casibus
899 2054 1177 2133 particularibus.

148 2154 419 2233 Exeipiebantur
436 2160 471 2217 et
486 2157 596 2218 adhuc
614 2157 833 2234 excipiuntur
851 2159 893 2219 ab
911 2158 974 2218 hac
991 2159 1064 2235 lege
1081 2158 1313 2219 Confraterni-

110 2261 205 2319 tates
225 2257 285 2318 SS.
306 2257 467 2333 Corporis
486 2257 618 2318 Christi
636 2263 671 2319 et
691 2260 732 2320 de
751 2259 919 2320 Doctrina
939 2258 1148 2336 Christiana,
1169 2261 1222 2321 uti
1242 2260 1311 2336 jam

110 2359 299 2436 innuimus,
318 2359 370 2421 ita
389 2364 429 2421 ut
447 2360 539 2421 haud
559 2360 756 2438 requiratur
775 2360 878 2421 unius
897 2361 1013 2422 leucae
1033 2361 1202 2423 distantia
1221 2362 1314 2422 inter

111 2462 201 2522 duas
223 2461 419 2538 hujusmodi
441 2461 764 2523 Confraternitates.
807 2463 911 2523 Patet
931 2463 994 2523 hoc
1015 2481 1056 2540 ex
1080 2463 1221 2533 Indulto
1244 2463 1312 2524 diei

111 2563 133 2624 t
158 2562 244 2640 Maji
270 2579 361 2624 anno
387 2563 469 2624 1748
495 2562 630 2624 cuidam
657 2562 827 2640 Episcopo
852 2563 1039 2626 Hiberniae
1065 2564 1157 2645 dato,
1184 2565 1221 2624 in
1246 2582 1312 2643 quo

113 2665 256 2726 Indulto
273 2666 378 2726 datur
394 2664 427 2726 ei
443 2668 596 2742 potestas
613 2664 766 2741 erigendi
783 2664 1113 2727 Confraternitatem
1133 2666 1313 2727 Sanctissi-

113 2767 162 2827 mi
192 2767 347 2828 Nominis
376 2768 470 2844 Jesu,
501 2767 584 2844 quin
615 2770 769 2828 servetur
798 2767 852 2828 lex
881 2766 1079 2829 distantiae.
1131 2768 1185 2849 En
1218 2769 1312 2830 istud

113 2868 310 2930 Indultum:
1084 2921 1086 2923 .

156 2970 247 3032 “Die
272 2971 293 3030 t
323 2969 408 3047 Maji
441 2970 532 3048 1748,
566 2969 812 3031 Sanctissimus
843 2971 880 3030 in
912 2976 1114 3049 perpetuum
1146 2972 1313 3033 concessit

111 3071 271 3134 omnibus
300 3076 336 3133 et
365 3071 511 3158 singulis
542 3071 817 3150 Archiepiscopis
848 3077 883 3134 et
913 3073 1094 3151 Episcopis
1123 3075 1313 3138 Hiberniae

112 3174 316 3235 facultatem
334 3173 486 3250 erigendi
504 3173 542 3234 in
559 3174 735 3251 quibusvis
755 3173 964 3252 civitatibus,
984 3175 1098 3253 terris,
1117 3175 1212 3253 locis,
1231 3193 1313 3238 suae

111 3276 322 3354 respectivae
344 3275 517 3337 Dioecesis
539 3277 581 3337 ob
603 3276 802 3338 exercitium
827 3277 1073 3339 catholicarum
1095 3278 1311 3339 functionum

112 3377 181 3439 sibi
205 3377 438 3454 interdictum,
464 3381 631 3455 quotquot
655 3383 867 3456 opportunas
893 3379 1054 3440 duxerint
1081 3379 1313 3441 Confraterni·

112 3483 205 3541 tates
246 3480 309 3541 sub
350 3479 565 3541 invocatione
606 3480 823 3542 Sanctissimi
866 3480 1023 3541 Nominis
1065 3482 1150 3542 Jesu
1192 3486 1312 3543 contra

112 3580 349 3643 detestabilem
380 3580 521 3658 jurandi
550 3598 590 3642 ac
622 3580 845 3643 maledicendi
877 3582 1155 3643 consuetudinem
1188 3601 1313 3645 nuncu-

113 3686 226 3761 pates,
260 3699 329 3743 non
362 3684 522 3746 obstante
555 3682 811 3744 Constitutione
844 3682 1030 3745 Clementis
1063 3685 1155 3744 VIII
1189 3669 1258 3746 diei
1292 3686 1313 3745 ‘l
1348 3713 1352 3723 ·

112 3785 310 3847 Decembris
327 3785 408 3846 1664
424 3784 584 3862 incipien.
624 3785 859 3861 Quaecumque
877 3801 979 3860 super
996 3784 1166 3846 distantia
1183 3786 1226 3847 ab
1243 3802 1313 3846 una

114 3889 160 3949 ad
183 3887 288 3949 aliam
311 3887 462 3964 ejusdem
488 3886 649 3947 Instituti
673 3884 876 3947 erectionem
902 3885 1077 3962 requisita.
1124 3885 1313 3948 confratri·

112 3990 178 4052 bus
211 4006 290 4051 vero
324 3991 359 4050 et
393 3987 631 4049 consororibus
665 3986 859 4048 earumdem
893 3985 1228 4047 Confraternitatum
1263 3987 1313 4049 sic

112 4096 305 4154 erectarum
325 4089 492 4152 concessit
511 4105 626 4149 omnes
644 4091 679 4149 et
698 4086 852 4164 singulas
873 4087 1112 4164 Indulgentias
1132 4088 1330 4149 Archicon·¹

112 4193 332 4256 fraternitati
359 4190 576 4254 Sanctissimi
601 4187 757 4250 Nominis
782 4189 846 4250 Dei
872 4206 932 4267 per
957 4189 1064 4249 Breve
1089 4189 1128 4250 31
1155 4189 1313 4252 Octobris

114 4298 208 4374 1666,
233 4281 280 4358 et⁴
293 4295 475 4357 novissime
501 4294 546 4354 ad
572 4292 789 4369 corrigendos
816 4293 1091 4371 blasphemantes
1119 4312 1179 4373 per
1205 4296 1313 4359 Breve

114 4402 183 4465 diei
201 4402 221 4463 6
239 4400 447 4479 Septembris
466 4397 547 4458 1746
565 4413 751 4471 concessas,
770 4413 838 4458 non
856 4399 969 4460 instar
987 4399 1046 4460 sed
1063 4399 1261 4464 distinctive
1278 4406 1313 4469 et

114 4506 270 4586 specifice
285 4502 552 4582 exprimendas.''
