2850 4996
345 434 395 490 De
415 430 755 504 Ooafroteraitatibas
771 427 1013 485 Ecclestosb'oia
1255 424 1290 481 19

79 629 181 706 bata,
205 632 246 695 ¹et
274 629 304 688 si
334 645 468 690 necesse
496 629 543 691 sit
571 628 676 691 etiam
705 632 868 705 correcta,
897 628 1037 705 exponit
1064 625 1291 703 pulcherrime

81 730 228 793 Panici:
644 784 647 788 1
800 797 801 800 Ἴ
1144 778 1147 783 .

128 832 425 893 “Prudentissime
444 833 671 894 constitutum
689 832 798 894 fuisse
817 835 923 910 patet,
944 833 1033 909 quod
1053 833 1188 891 statuta
1209 828 1291 889 Con-

83 935 352 997 fraternitatum
372 934 611 1013 erigendarum
632 937 686 998 vel
706 935 999 1012 aggregandarum
1021 934 1167 994 debeant
1187 936 1291 994 antea

83 1037 129 1098 ab
148 1036 319 1113 Episcopo
336 1036 535 1098 dioecesano
551 1037 595 1098 ad
612 1053 752 1098 examen
768 1036 920 1097 revocari
937 1053 977 1097 ac
994 1052 1056 1113 pro
1072 1034 1207 1096 ratione
1224 1033 1291 1093 loci

83 1138 285 1217 approbari,
304 1138 522 1216 ejusdemque
541 1139 767 1201 moderationi
787 1142 822 1199 et
842 1136 1045 1199 correctioni
1066 1152 1197 1214 semper
1217 1136 1290 1197 sub·

83 1241 181 1319 jecta
204 1257 357 1317 manere;
381 1244 421 1301 ut
443 1258 562 1318 nempe
584 1259 605 1302 a
628 1240 773 1302 statutis
796 1240 917 1301 iisdem
940 1238 1089 1317 expungi
1105 1238 1236 1314 valeat,
1259 1237 1291 1298 si

84 1342 223 1420 aliquid
240 1343 330 1404 forte
348 1343 558 1419 contineant,
576 1344 666 1419 quod
684 1342 797 1403 minus
816 1342 960 1419 licitum,
978 1343 1137 1402 decorum
1157 1345 1219 1401 aut
1237 1357 1291 1418 op·

84 1449 276 1522 portunum
296 1448 473 1522 appareat,
493 1446 545 1505 vel
564 1445 635 1505 tale
653 1445 776 1505 evadat
796 1445 838 1504 ob
858 1443 1197 1504 circumstantiarum
1217 1445 1291 1502 tum

84 1547 157 1608 loci
180 1550 253 1607 tum
277 1547 440 1624 temporis
463 1546 700 1622 variationem,
723 1549 826 1623 atque
849 1545 954 1622 adjici
977 1545 1015 1605 in
1037 1544 1123 1622 ipsis
1147 1543 1290 1621 possint,

84 1665 177 1726 quae
197 1649 241 1710 ad
261 1649 474 1726 propositum
495 1649 595 1709 finem
616 1648 737 1708 melius
755 1652 790 1708 et
810 1647 949 1708 facilius
970 1647 1216 1724 assequendum
1237 1662 1291 1720 op-

85 1754 241 1828 portuna
268 1751 321 1811 vel
349 1749 687 1811 circumstantiarum
716 1749 902 1811 variationi
932 1748 1041 1826 magis
1071 1748 1289 1809 accomodata

85 1852 284 1913 videantur.
336 1851 485 1928 Etenim,
517 1837 821 1929 quaemadmodum
853 1849 1098 1911 animadvertit
1132 1849 1290 1910 Summus

84 1953 253 2015 Pontifex
277 1954 402 2015 Bened.
428 1954 523 2014 XIV.
571 1955 622 2014 De
649 1953 728 2031 Syn.
754 1953 964 2028 dioecesana,
990 1952 1048 2012 lib.
1074 1951 1135 2027 VI,
1162 1969 1235 2028 cap.
1262 1954 1291 2023 1,

85 2073 183 2116 num.
201 2056 259 2133 1”;
277 2054 383 2116 “Cum
401 2072 469 2115 non
486 2055 602 2117 eadem
620 2055 666 2117 sit
685 2054 831 2115 inomni
850 2055 923 2115 loco
942 2054 1083 2129 indoles,
1102 2070 1171 2112 non
1188 2053 1291 2112 iidem

84 2151 216 2235 ubique
233 2157 407 2218 hominum
428 2174 548 2233 mores,
567 2175 635 2217 non
654 2158 789 2217 eaedem
807 2156 844 2214 in
864 2155 956 2215 omni
976 2155 1050 2214 loco
1070 2155 1173 2214 simul
1191 2153 1291 2213 inole-

84 2263 191 2320 scant
219 2276 349 2320 morum
377 2260 601 2336 corruptelae,
630 2262 801 2334 nequeunt
829 2275 944 2318 omnes
974 2259 1063 2334 leges
1093 2255 1292 2332 cuicumque

84 2364 165 2423 loco
182 2365 217 2422 et
234 2362 380 2439 tempori
398 2378 600 2439 congruere3
618 2362 677 2421 sed
695 2362 784 2438 quod
802 2361 905 2421 unius
924 2360 1086 2421 dioecesis
1104 2363 1218 2420 status
1237 2359 1291 2420 hic

83 2467 124 2526 et
148 2480 238 2525 nunc
260 2463 507 2525 decernendum
530 2462 661 2538 suadet,
683 2454 785 2523 alteri
807 2461 962 2538 dioecesi,
985 2461 1014 2522 si
1036 2460 1161 2520 ibidem
1185 2462 1291 2520 statu·

83 2569 216 2642 eretur,
250 2565 506 2643 inoportunum,
542 2564 666 2624 inutile
701 2569 736 2625 et
773 2566 974 2642 quandoque
1010 2564 1114 2624 etiam
1152 2563 1291 2623 noxium

84 2667 292 2745 accideret.’'

133 2770 187 2830 Ab
205 2769 268 2831 hac
285 2773 400 2830 tamen
418 2769 535 2845 regula
553 2768 704 2846 generali
721 2767 921 2844 excipienda
939 2772 1020 2829 sunt
1039 2770 1174 2829 statuta
1194 2766 1291 2828 Sedis

85 2871 311 2948 Apostolicae
336 2871 545 2932 auctoritate
572 2869 782 2930 confirmata.
830 2869 1004 2947 Siquidem
1029 2887 1097 2929 non
1124 2867 1291 2943 convenit,

84 2973 182 3050 quod
200 2973 361 3050 Episcopi
380 2974 514 3033 mutare
533 2972 666 3049 possint
685 2989 734 3048 ea,
754 2989 839 3048 quae
859 2990 879 3032 a
899 2971 1028 3032 Sancta
1048 2972 1133 3033 Sede
1151 2971 1292 3049 speciali

85 3074 191 3136 modo
209 3075 351 3135 fuerunt
369 3074 580 3135 confirmata.
621 3073 819 3134 Declaravit
838 3074 899 3133 hoc
920 3073 953 3134 S.
973 3073 1200 3151 congregatio
1220 3074 1291 3134 EE.

85 3181 127 3238 et
140 3176 212 3237 RR.
226 3175 264 3236 in
280 3175 501 3252 Astoricensi,
519 3177 559 3236 17
575 3175 755 3235 Februarii
772 3175 863 3234 1603.

133 3279 273 3339 Necnon
293 3278 439 3339 secundo
460 3276 658 3354 excipienda
680 3280 761 3336 sunt
782 3278 917 3337 statuta
937 3277 974 3336 in
994 3276 1061 3336 vim
1083 3281 1290 3338 contractas.

87 3380 164 3441 Otr.
182 3380 305 3440 Rotam
322 3397 390 3440 cor.
408 3380 563 3455 Durand,
580 3379 650 3439 dec.
668 3378 729 3438 291
747 3378 927 3439 Februarii
947 3378 1038 3438 1603.

134 3482 176 3540 In
193 3498 274 3542 casu
292 3482 381 3560 quod
398 3480 589 3557 Episcopus
607 3480 733 3558 absque
750 3480 845 3557 justa
863 3496 966 3540 causa
984 3480 1167 3556 denegaret
1184 3481 1291 3540 statu-

84 3587 205 3644 torum
240 3581 530 3660 approbationem,
564 3583 668 3643 datur
703 3582 889 3643 Sodalitati
923 3582 979 3659 jus
1014 3581 1211 3642 recurrendi
1246 3581 1291 3641 ad

88 3684 254 3746 Sanctam
276 3685 403 3747 Sedem.
424 3684 457 3745 S.
478 3685 513 3745 Ο.
534 3685 569 3745 d.
590 3685 644 3744 die
664 3685 703 3744 20
722 3684 807 3762 Maji
828 3685 919 3744 1882.

135 3786 324 3864 Statutum,
351 3787 471 3848 scribit
498 3787 651 3862 Bassam
678 3789 767 3863 quod
793 3786 909 3847 nullus
937 3786 1132 3861 adscriptus
1159 3787 1196 3846 in
1222 3804 1291 3847 una

87 3888 396 3965 Confraternitate,
413 3889 521 3966 possit
537 3888 686 3950 adscribi
701 3889 738 3949 in
754 3889 833 3966 alia,
850 3889 976 3950 cessari
992 3889 1100 3963 debet,
1116 3892 1290 3966 tamquam

86 3992 180 4052 male
193 3991 341 4067 factum3
356 3991 409 4052 vel
423 3990 452 4051 si
466 3991 569 4051 etiam
585 3991 790 4067 disponeret,
805 3991 895 4068 quod
910 4008 978 4050 non
993 3989 1127 4068 possint
1140 3990 1290 4052 adscribi

86 4093 239 4153 minores
260 4092 426 4154 sexdecim
448 4109 625 4153 annorum.
675 4091 798 4167 (Sacra
820 4091 1046 4167 Congregatio
1068 4074 1159 4168 apud
1181 4090 1289 4152 Nicol.

86 4194 202 4256 Elosc'.
237 4195 338 4256 verbo
374 4194 661 4270 Confraternitas,
697 4213 730 4255 n.
767 4195 819 4270 9).
875 4194 1076 4255 Laudabilis
1111 4194 1201 4255 enim
1238 4198 1290 4255 est

85 4296 264 4373 cooptatio
278 4297 445 4357 minorum
460 4296 564 4357 etiam
579 4296 745 4357 sexdecim
761 4313 928 4357 annorum
949 4296 1146 4372 (dummodo
1160 4296 1290 4357 habiles

85 4397 347 4474 existimentur)
387 4399 479 4459 inter
512 4398 704 4458 confratres
740 4397 981 4473 Sodalitatum,
1016 4401 1055 4458 ut
1090 4403 1290 4461 assuescant

85 4489 273 4576 devotioni,
290 4504 324 4562 et
341 4504 432 4561 recte
448 4499 645 4576 dirigantur
661 4499 698 4559 in
714 4499 769 4561 via
786 4498 934 4559 Domini.

124 4648 258 4705 ¹¹⁸Bassb
279 4650 321 4699 De
342 4648 507 4707 codalltlls,
528 4649 646 4707 Quaest.
668 4648 715 4705 IV,
736 4660 764 4697 n.
785 4648 809 4698 4.
