2850 4996
368 388 419 445 De
438 386 779 458 Oonfroteraitotibas
793 384 1037 478 Ecclesiae—licia
1277 381 1313 440 53

108 602 177 646 nos
200 585 356 647 dehisce
378 586 563 664 persuadet
586 587 759 646 decretum
783 585 1020 647 authenticum
1044 604 1077 646 n.
1101 585 1173 646 304.
1217 586 1315 646 Unus

108 691 252 750 tantum
283 687 455 766 excipitur
488 705 598 764 casus,
631 705 759 765 nempe,
792 688 883 765 quod
914 687 952 746 in
985 687 1047 748 illa
1080 687 1223 747 ecclesia
1255 703 1315 747 seu

107 790 273 869 paroecia
286 791 403 851 nullus
419 790 509 851 alius
525 794 624 866 esset,
640 788 699 867 qui
715 789 825 867 possit
840 788 1020 866 destinari,
1035 793 1071 850 et
1085 791 1169 849 tunc
1184 805 1223 849 eo
1237 789 1313 865 ipso

109 895 205 970 quod
222 893 412 971 Episcopus
429 892 478 953 ibi
494 891 598 969 erigit
616 891 852 968 Sodalitatem,
872 891 978 953 tacite
997 891 1133 953 videtur
1151 893 1314 952 rectorem

109 993 293 1072 designare
310 995 472 1057 ecclesiae
488 998 670 1071 pastorem,
689 1012 756 1055 nou
774 995 850 1071 J‘ure
870 1011 931 1055 suo
950 994 1087 1071 utendo,
1106 995 1164 1055 sed
1186 993 1314 1055 Sodali·

110 1096 201 1158 tatis
217 1097 422 1158 necessitate
438 1099 602 1158 rectorem
619 1096 797 1174 exigentis.

155 1199 302 1276 Insuper
320 1199 532 1260 declaratum
550 1203 613 1276 est,
631 1199 854 1261 Ordinarium
873 1199 1029 1277 delegare
1046 1215 1145 1277 posse
1163 1217 1230 1276 qua
1248 1215 1313 1259 rec·

105 1302 205 1361 tores
227 1300 562 1362 Oonfraternitatum
585 1318 654 1361 non
674 1301 785 1362 solum
808 1302 990 1377 Parocbos,
1013 1300 1199 1362 sedetiam
1221 1301 1312 1361 Elee-

109 1403 336 1482 mosynarios,
366 1403 568 1480 Capellanos
595 1402 887 1464 Communitatum
915 1403 968 1466 vel
995 1403 1147 1463 locorum
1175 1402 1314 1463 Piorum

109 1506 227 1581 quoad
250 1504 561 1567 confraternitates
584 1505 621 1566 iu
646 1505 797 1567 ecclesiis
821 1505 906 1583 ipsis
930 1505 1135 1568 concreditis
1159 1505 1314 1582 indepen-

108 1607 235 1669 denter
251 1625 273 1668 a
289 1608 452 1686 Parocho,
470 1609 523 1671 vel
539 1608 643 1670 etiam
659 1608 817 1670 Vicarios
834 1608 1075 1669 Parochorum.

155 1708 187 1768 4.
208 1709 298 1781 Quia
318 1710 515 1788 contingere
534 1711 637 1772 facile
657 1715 780 1789 potest,
801 1715 841 1772 ut
861 1712 986 1772 Rector
1005 1710 1313 1772 Confraternitatis

116 1810 204 1887 (cui,
224 1811 277 1872 uti
298 1811 455 1889 vidimus,
477 1829 546 1872 non
566 1813 729 1891 competit
750 1811 824 1873 sine
845 1813 985 1890 speciali
1006 1813 1143 1873 indulto
1163 1813 1315 1890 facetiae

108 1914 374 1991 subdelepoadi)
405 1914 638 1991 prohibeatur,
664 1910 845 1991 quominus
870 1913 1027 1975 Rectoris
1052 1913 1170 1974 munia
1195 1913 1314 1990 exequi

108 2030 177 2092 per
198 2032 234 2075 se
254 2014 374 2093 possit,
396 2019 552 2092 praestat
573 2032 730 2093 expresse
752 2017 929 2093 postulare
951 2016 993 2076 ab
1016 2015 1196 2092 Episcopo,
1219 2016 1270 2075 vel
1293 2033 1313 2075 a

109 2115 275 2177 Generali
295 2116 436 2178 Ordinis
457 2121 518 2179 aut
538 2118 580 2178 ab
602 2116 1006 2193 Archiconiraternitate,
1027 2118 1224 2194 respective,
1245 2133 1314 2177 una

109 2234 192 2279 cum
214 2218 400 2296 diplomate
421 2218 603 2280 erectionis
624 2219 677 2279 vel
698 2218 963 2296 aggregationis
985 2219 1091 2280 etiam
1111 2219 1314 2296 fucultatem

106 2337 177 2398 pro
209 2322 354 2383 Rectore
390 2321 633 2398 subdelepaodi
668 2320 776 2381 oliam
810 2321 1021 2406 sacerdotem
1057 2319 1102 2381 ad
1138 2318 1314 2396 praedicta

108 2421 233 2483 munia
248 2423 322 2483 loco
338 2423 494 2484 Rectoris
510 2423 735 2484 exercenda.⁶⁰

157 2525 323 2586 Praefata
351 2525 502 2586 facultas
531 2524 774 2601 subdelegandi
804 2524 911 2586 alium
944 2523 1160 2584 Sacerdotem
1189 2523 1233 2584 ad
1263 2539 1314 2583 ex-

108 2626 240 2705 plenda
274 2625 392 2688 numia
427 2626 617 2688 Directoris
653 2643 812 2687 concessa
846 2631 899 2687 est
934 2626 1122 2704 generatim
1157 2627 1313 2687 omnibus

109 2728 352 2790 Directoribus
368 2728 651 2806 Gongregationis
667 2730 707 2789 B.
724 2727 857 2789 Mariae
872 2727 1028 2804 Virginis
1045 2732 1079 2789 et
1095 2730 1211 2790 Bonae
1229 2730 1314 2788 Mor-

108 2831 172 2908 tis,
205 2847 293 2909 quae
324 2830 476 2908 legitime
509 2832 714 2908 aggregatae
746 2829 879 2890 tuerint
911 2829 1094 2890 Primariis
1128 2829 1314 2907 Congrege-

109 2933 267 2995 tionibus
283 2932 447 2994 Romanis
463 2931 614 3010 ejusdem
631 2930 778 2991 nominis
796 2934 830 2991 et
847 2929 1012 2992 instituti.
1051 2932 1105 2991 En
1122 2933 1224 2992 verba
1241 2948 1313 2992 con·

94 3012 294 3098 cessionis:
339 3081 346 3095 .
391 3081 399 3096 .
443 3081 451 3095 .
495 3035 542 3096 Ut
571 3052 611 3094 ex
642 3030 803 3093 rationali
833 3048 936 3092 ‹arrrsa
966 3032 1072 3092 alium
1103 3033 1169 3093 sibi
1201 3033 1313 3093 Sacer-

109 3138 184 3199 dos.
229 3183 237 3198 .
282 3183 289 3198 .
334 3183 342 3197 .
385 3136 594 3198 substituere
626 3132 736 3212 possit
770 3132 812 3195 ad
850 3132 1060 3209 recipiendos
1095 3135 1220 3212 fideles,
1255 3135 1313 3213 qui

109 3234 264 3303 adscribi
280 3238 487 3316 desiderant,
505 3239 549 3300 ad
566 3235 791 3298 benedicenda
813 3233 1030 3313 rurruismata,
1048 3240 1083 3297 et
1101 3237 1172 3298 alia
1189 3237 1312 3315 praesi·

109 3341 194 3404 dum
215 3340 333 3402 munia
351 3339 575 3402 exercenda.⁰1

339 3540 342 3546 ι
381 3509 458 3568 Art.
478 3507 622 3569 II.—Dc
644 3504 845 3582 liberatione
866 3470 1044 3567 &idolium

155 3644 185 3704 1.
209 3642 505 3705 confraternitate
547 3643 617 3720 jam
661 3638 823 3702 canonico
865 3643 979 3700 erecta
1022 3639 1313 3719 indulgentiisque

108 3746 239 3823 ditata,
257 3746 300 3806 ‘ut
322 3745 438 3806 fideles
459 3745 501 3806 de
521 3743 565 3804 iis
588 3742 789 3806 coelestibus
812 3740 987 3803 favoribus
1010 3741 1219 3819 participare
1241 3760 1312 3820 pos-

110 3848 196 3924 sint,
226 3864 362 3908 necesse
389 3849 441 3907 est
470 3849 510 3906 ut
538 3845 648 3923 ipsam
678 3842 1007 3905 Goniraternitatem
1038 3860 1097 3903 seu
1127 3842 1312 3921 Congrege-

110 3949 242 4011 tionem
277 3949 527 4026 ingrediantur.
574 3945 758 4006 Praefatae
792 3943 881 4005 euim
917 3944 1161 4021 indulgentiae,
1198 3949 1237 4005 ut
1272 3962 1313 4005 ex

111 4051 272 4131 pluribus
294 4051 328 4112 S.
350 4050 447 4112 Sedis
469 4047 697 4109 decisionibus
717 4045 863 4122 constat,
883 4045 1049 4106 lucrifieri
1070 4063 1137 4106 non
1159 4050 1312 4124 possunt.

111 4153 184 4215 nisi
205 4153 248 4215 ab
269 4152 318 4214 eis
340 4152 507 4227 fidelibus,
530 4150 588 4227 qai
610 4148 759 4225 tepitime
781 4147 949 4224 adscripti
970 4147 1162 4224 scortatio
1184 4148 1313 4225 conire

112 4256 324 4318 teraitotem.
362 4255 465 4314 Patet
481 4253 542 4312 hoc
558 4247 761 4328 praeprimis
778 4265 818 4308 ex
835 4249 970 4309 decreto
987 4249 1186 4310 authentico
1202 4267 1234 4310 n.
1251 4248 1315 4311 298

147 4436 334 4485 ”Decretum
349 4433 365 4483 3
381 4432 551 4483 Decembris
568 4429 645 4487 1892,
661 4428 738 4487 apud
755 4429 847 4479 Nouv.
864 4428 964 4480 Theoi,
980 4430 1050 4480 tom.
1066 4431 1156 4491 XXV,
1171 4445 1235 4494 pag.
1253 4435 1310 4489 139,

146 4504 221 4555 “ct
238 4504 396 4553 Decretum
413 4515 448 4551 ex
465 4500 512 4551 die
529 4501 544 4551 5
561 4497 717 4549 Februarii
735 4497 803 4547 1748
820 4498 858 4549 ad
874 4497 1057 4558 prooemium
1074 4504 1104 4552 et
1120 4502 1157 4553 ad
1175 4502 1286 4556 3-um.
