2850 4996
124 379 144 442 8
614 379 831 440 Prooemium

124 594 165 638 ac
190 593 253 655 pro
277 577 489 656 simplicibus
516 577 682 640 fidelibus.
730 579 867 640 Etenim
893 583 1030 657 praeter
1056 579 1202 640 Ordines
1229 597 1323 657 regu-

124 679 225 756 lares,
247 683 282 741 et
304 679 592 756 Congregationes
614 679 802 758 religiosas,
825 680 980 742 existunt
1001 681 1106 742 etiam
1130 681 1324 742 Confrater-

125 780 264 859 nitates,
283 781 326 842 de
343 781 466 859 quibus
484 782 637 859 praecise
655 786 689 843 et
707 782 744 842 in
763 781 874 860 specie
892 781 1113 843 tractandum
1132 785 1184 843 est
1204 782 1266 842 hac
1286 782 1324 840 in

125 882 224 944 thesi.
270 883 437 944 Dehisce
462 882 816 948 confraternitatibus
841 886 976 961 oportet
1001 900 1200 960 cognoscere
1225 883 1323 960 origi·

125 1001 212 1062 nem,
236 983 346 1061 finem,
371 985 573 1062 praesertim
598 1000 677 1046 vero
701 984 989 1062 praescriptiones
1014 984 1187 1045 Ecclesiae
1211 983 1328 1062 quoad

125 1103 242 1147 earum
259 1085 472 1162 erectionem,
489 1084 775 1164 aggregationem,
792 1085 1005 1147 conditiones
1022 1102 1084 1164 pro
1101 1085 1197 1146 lucro
1214 1085 1324 1145 indul·

126 1188 330 1265 gentianum,
353 1187 584 1264 directionem,
606 1186 790 1248 relationes
813 1204 888 1249 cum
910 1186 1101 1265 Episcopis,
1125 1203 1200 1248 cum
1223 1188 1324 1248 Paro

126 1289 209 1366 chis,
226 1306 302 1350 cum
319 1288 398 1351 aliis
414 1288 482 1367 piis
499 1288 805 1366 Associationibus,
821 1292 885 1350 etc.

168 1391 277 1464 Quam
304 1390 351 1452 sit
376 1389 615 1466 necessarium,
640 1393 680 1451 ut
704 1389 741 1467 ii,
767 1388 826 1467 qui
851 1389 1102 1467 quomodolibet
1128 1389 1325 1466 hujusmodi

126 1492 194 1570 piis
218 1491 547 1569 Gongregationibus
570 1494 746 1569 praesunt,
769 1491 964 1569 praedictas
988 1491 1124 1567 regulas
1148 1508 1208 1552 seu
1231 1508 1325 1569 prae-

126 1594 331 1672 scriptiones
352 1594 457 1671 probe
478 1594 637 1670 calleant,
660 1610 701 1653 ex
722 1610 761 1654 eo
783 1596 879 1669 patet
900 1593 989 1669 quod
1012 1591 1104 1654 hisce
1126 1608 1194 1651 non
1216 1592 1324 1652 obser·

126 1696 226 1772 vatis,
251 1696 366 1756 fideles
391 1695 570 1773 adscripti,
597 1711 664 1758 non
691 1694 832 1773 propria
858 1697 916 1756 sed
943 1694 1087 1756 alterius
1114 1694 1225 1773 culpa,
1253 1695 1325 1754 illis

127 1798 348 1876 privarentur
377 1795 614 1874 indulgentiis,
645 1814 731 1874 quae
762 1814 783 1857 a
815 1796 963 1857 Summis
993 1795 1219 1857 Pontificibus
1251 1813 1325 1856 con-

126 1916 240 1961 cessae
252 1898 301 1960 eis
314 1899 492 1975 speciatim
506 1899 611 1959 fuere.
645 1899 767 1958 Plures
780 1897 869 1959 enim
883 1897 981 1959 exiis
995 1897 1324 1976 praescriptionibus

126 2002 189 2062 sub
205 2018 314 2079 poena
330 2000 505 2062 nullitatis
521 2004 603 2061 sunt
618 2000 814 2062 servandac.
