2850 4996
378 404 429 463 Da
448 402 788 478 Gontrutaraitotibos
803 405 1046 464 Ecclesiastios‘s
1286 402 1324 462 93

119 601 230 663 nullis
257 602 449 680 approbata
476 602 584 664 tuerit
612 602 856 681 confratribus,
884 603 968 682 quin
994 608 1111 666 tamen
1139 621 1323 666 consensus

120 704 227 765 datus
244 702 353 765 tuerit
371 702 623 783 capitulariter,
641 721 702 766 seu
720 704 998 783 collegialiter.²⁶⁹

163 805 411 884 Reprobandae
430 822 499 867 non
518 809 602 868 sunt
619 806 803 868 electiones
820 807 898 868 viva
918 823 996 869 voce
1016 807 1243 883 consectae,¹⁶⁰
1264 807 1324 869 sed

123 906 255 969 Sancta
281 906 384 969 Sedes
410 924 544 986 semper
569 908 723 987 praefert
748 912 788 970 ut
814 908 1043 971 conficiantur
1067 925 1128 987 per
1154 907 1325 970 scrutinia

121 1012 264 1087 secreta,
280 1027 361 1072 nam
377 1009 487 1088 magis
504 1010 568 1072 hoc
583 1011 683 1072 modo
699 1010 856 1073 libertati
872 1028 999 1089 eorum,
1016 1011 1076 1090 qui
1093 1014 1209 1074 votum
1227 1012 1323 1090 dant,

121 1110 326 1173 consulitur.

164 1212 357 1292 Episcopus
389 1216 503 1292 potest
536 1213 711 1293 imponere
745 1213 937 1292 Sodalibus,
972 1217 1013 1276 ut
1046 1213 1228 1276 electiones
1263 1230 1325 1293 per

122 1317 256 1377 secreta
272 1314 444 1378 scrutinia
461 1314 660 1394 perficiant3
678 1316 739 1377 sed
756 1332 825 1377 non
843 1319 958 1395 potest
975 1316 1109 1394 exigere
1126 1332 1189 1395 pro
1207 1314 1325 1378 validi·

120 1419 199 1479 tate
221 1415 409 1495 electionis,
435 1420 476 1479 ut
499 1417 588 1479 duae
611 1434 653 1479 ex
677 1417 791 1480 tribus
815 1417 974 1495 partibus
1000 1421 1157 1479 votorum
1182 1415 1325 1478 interve

122 1517 235 1581 niant.
271 1519 380 1581 Docet
394 1519 456 1580 hoc
471 1536 533 1580 nos
549 1518 656 1582 Sacra
671 1518 899 1598 Oongregatio
915 1519 1071 1582 Gondlii.
1106 1519 1219 1594 Quum
1235 1519 1326 1582 enim

121 1623 214 1684 esset
225 1619 458 1699 interrogata:
495 1620 572 1682 “An
586 1620 802 1685 sustineatur
816 1622 966 1684 edictum
980 1621 1019 1684 in
1033 1641 1074 1686 ea
1089 1626 1190 1700 parte
1204 1622 1243 1684 in
1256 1641 1325 1702 qua

124 1721 323 1785 decernitur
345 1722 545 1786 electionem
570 1722 765 1786 officialium
790 1723 984 1786 taciendam
1009 1741 1083 1787 esse
1107 1742 1170 1804 per
1194 1728 1327 1787 secreta

122 1823 304 1903 scrutinia,
328 1841 370 1886 ac
391 1824 534 1903 insuper
557 1825 752 1888 conclusam
775 1842 844 1887 non
868 1826 998 1888 censeri
1023 1825 1092 1887 nisi
1117 1829 1325 1888 concurrant

123 1925 214 1989 duae
229 1943 271 1988 ex
287 1925 401 1988 tribus
418 1925 577 2006 partibus
594 1925 1021 2006 suffragiorum-Respa
1048 1927 1262 2005 Affirmottoe
1280 1929 1326 1990 od

123 2028 272 2108 primm
287 2032 433 2107 portem,
449 2033 485 2090 et
501 2029 657 2107 nepotive
675 2031 720 2091 od
736 2030 931 2108 secundun,
946 2032 980 2090 et
998 2029 1166 2108 saffroyto
1183 2030 1326 2108 majoris

122 2131 238 2210 portis
256 2128 480 2207 sufficera.’'¹⁸²

167 2231 266 2306 Quod
285 2234 421 2310 spectat
439 2231 584 2311 denique
604 2231 809 2294 Offlcialium
828 2231 867 2293 in
886 2248 949 2293 suo
969 2230 1078 2293 officio
1098 2232 1325 2308 durationem,

124 2334 209 2397 haec
241 2333 348 2396 Sacra
380 2332 608 2412 Oongregatio
641 2333 941 2412 Indulgentiarum
974 2333 1119 2395 statuit:
1164 2333 1326 2395 Generioe

124 2436 305 2516 mouendo,
323 2436 508 2515 quotannis
524 2435 601 2514 fieri
619 2435 717 2496 debet
736 2436 880 2496 rectoris
900 2435 1111 2513 altorumque
1131 2433 1327 2511 officialium

124 2537 257 2601 eleots‘o.

167 2640 222 2701 Ex
237 2638 357 2718 regula
372 2639 490 2717 itaque
505 2636 656 2716 generali
673 2636 1009 2699 Ooniratemitatum
1026 2635 1194 2699 officiales
1210 2636 1248 2698 in
1264 2651 1327 2698 suo

124 2740 236 2805 officio
256 2757 319 2821 per
340 2758 446 2802 unum
469 2742 646 2802 remanent
668 2756 806 2801 annum.
851 2737 918 2800 Sed
940 2741 1076 2801 statuta
1098 2737 1327 2816 particularia

124 2846 273 2924 possunt
295 2843 521 2906 determinate
542 2840 678 2920 longius
699 2840 753 2901 vel
775 2839 912 2902 brevius
935 2857 998 2918 pro
1020 2839 1121 2901 offleii
1144 2839 1327 2901 duratione

124 2949 273 3025 tempus.
313 2945 361 3007 Et
384 2944 491 3007 Sacra
512 2941 739 3021 Congregatio
761 2941 907 3003 Concilii
927 2941 1091 3004 toleravit
1110 2945 1247 3003 statuta
1268 2939 1327 3002 ali·

126 3046 228 3126 cujus
258 3044 577 3122 Confraternitatis
607 3044 646 3105 in
675 3061 743 3122 qua
773 3042 1073 3105 administratores
1104 3042 1148 3104 ad
1179 3044 1329 3120 quatuor

125 3152 266 3212 tantum
291 3165 422 3210 menses
448 3145 768 3223 nominabantur,²⁶²
794 3161 902 3222 neque
928 3143 1166 3206 condemnavit
1192 3145 1328 3205 statuta

126 3250 277 3315 aliarum
306 3250 534 3328 plurimarum
565 3246 901 3324 confraternitatum,
932 3246 970 3306 in
1000 3245 1123 3324 quibus
1153 3243 1329 3306 renovatio

126 3352 451 3417 administratorum
490 3349 700 3413 solummodo
739 3347 886 3427 singulis
925 3346 1038 3409 tribus
1077 3345 1178 3408 annis
1216 3346 1329 3406 locum

127 3453 329 3519 babebat²⁸⁸

126 4201 339 4218 Μ

202 4248 232 4301 S.
250 4248 281 4301 0.
300 4247 331 4300 0.
350 4248 383 4298 ln
400 4245 558 4304 Aliphera,
578 4244 594 4296 8
616 4242 787 4296 Decembris
808 4241 886 4299 1718,
906 4238 1083 4301 paragraph.
1103 4240 1142 4293 llt
1162 4239 1196 4291 tn
1215 4252 1259 4291 oo.

163 4319 193 4347 ¹¹·
202 4316 231 4369 8.
250 4316 281 4367 0.
300 4316 331 4367 0.
349 4315 382 4367 ln
399 4313 545 4372 Asslslen,
563 4315 597 4365 10
616 4314 695 4374 sept.
713 4312 791 4371 1788,
809 4308 986 4371 pmegmph.
1005 4309 1048 4363 15.

163 4384 231 4437 ΜΒ.
250 4384 281 4437 0.
300 4384 331 4435 0.
350 4383 383 4435 ln
400 4381 545 4439 Assislen
563 4382 597 4434 81
615 4383 682 4434 Jan.
699 4380 776 4438 1788.
794 4380 832 4432 ad
850 4379 874 4430 8.

162 4454 193 4482 ²⁶
202 4453 231 4505 S.
250 4453 281 4504 0.
300 4452 331 4505 0.
350 4452 383 4503 tn
402 4451 505 4503 Sancti
520 4451 623 4508 Marci,
638 4451 671 4502 18
686 4449 801 4511 Aprilis
815 4448 893 4507 1721,
908 4448 947 4499 sd
962 4448 1074 4499 1-um.

203 4521 232 4574 S.
251 4521 282 4574 0.
301 4521 332 4574 0.
350 4521 384 4572 in
402 4520 576 4578 Fauentina,
592 4519 626 4571 18
642 4517 803 4576 an.1848,
819 4517 996 4579 paragraph.
1011 4518 1075 4569 Ast.
