2850 4996
373 412 423 468 De
442 410 781 484 Ooosraternitatibus
798 412 1040 471 lfeeiesiastiois
1281 412 1318 470 71

107 627 284 688 pauperes
308 627 329 671 a
353 609 421 687 piis
444 610 603 688 operibus
627 613 662 671 et
686 611 729 672 ab
753 610 986 688 adscriptione
1008 611 1101 672 inter
1125 612 1317 675 confratres

108 712 351 788 retrahantur,
382 715 465 773 tunc
494 711 718 790 rejiciendum
747 729 816 772 non
844 716 944 773 esset.
996 714 1084 774 Item
1112 714 1144 773 si
1173 715 1316 792 pecunia

107 814 179 875 illa
209 798 448 875 decerneretur
476 814 521 874 ad
549 813 689 874 modum
715 815 946 897 eleemosynae
975 832 1037 892 pro
1066 814 1191 892 missis,
1221 833 1316 891 orna-

109 916 242 977 mentis
283 915 455 992 ecclesiae,
496 915 642 993 aliisque
684 915 984 976 confraternitatis
1025 916 1185 977 oneribus
1227 917 1318 978 foret

109 1018 374 1096 impendenda.'’
1078 1024 1081 1031 “

162 1121 210 1182 Et
227 1121 265 1180 in
282 1121 345 1181 hoc
362 1121 497 1183 videtur
514 1122 603 1197 quod
621 1120 737 1197 opinio
754 1122 791 1181 Ρ.
809 1121 978 1183 Theodori
997 1139 1018 1182 a
1037 1121 1170 1199 Spiritu
1191 1123 1317 1184 Sancto

110 1223 243 1283 bonum
269 1223 392 1283 habeat
417 1222 689 1298 fundamentum,
715 1240 818 1300 quum
843 1223 1012 1300 implicite
1036 1224 1255 1286 contineatur
1280 1225 1318 1286 in

112 1324 263 1385 Decreto
278 1323 477 1385 authentico
493 1342 525 1384 n.
541 1324 613 1400 260,
630 1325 688 1384 ubi
703 1324 796 1385 inter
811 1325 882 1386 alia
898 1325 979 1386 haec
994 1327 1173 1402 leguntur:
1201 1326 1319 1386 “Nihil

110 1426 255 1487 obstare
272 1425 454 1503 quominus
474 1424 787 1486 Confraternitates
806 1426 956 1503 recipere
975 1426 1109 1504 possint
1128 1427 1318 1488 oblationes

110 1528 307 1605 erogandas
349 1527 386 1587 in
428 1527 590 1588 ecclesiae
632 1545 692 1588 seu
734 1527 880 1588 oratorii
921 1529 1173 1607 reparationem
1216 1534 1319 1608 atque

110 1633 288 1707 ornatum,
301 1631 354 1691 vel
365 1630 403 1689 in
416 1625 502 1691 alios¹
515 1630 590 1706 pios
604 1647 687 1691 usus
701 1631 743 1691 de
756 1647 923 1692 consensu
933 1631 1087 1710 eiusdem
1102 1632 1319 1694 Ordinarii.⁹⁸

280 1821 281 1824 ¹
345 1799 423 1859 Art.
443 1799 464 1858 I
467 1799 599 1860 V.—De
619 1801 851 1877 perpetuitate
872 1802 1091 1863 admissionis

161 1930 334 1992 Admissio
358 1936 393 1992 et
415 1932 599 2011 inscriptio
621 1933 659 1993 in
683 1934 1013 1997 Confraternitatem
1037 1954 1079 1998 ex
1103 1941 1230 1999 natura
1255 1955 1319 1999 sua

113 2023 171 2095 est
198 2037 373 2111 perpetua.
425 2033 534 2094 Semel
559 2035 656 2096 facta
683 2053 816 2114 semper
843 2041 1047 2114 perseverat.
1097 2039 1319 2100 Declaratum

113 2136 182 2196 hoe
203 2134 274 2196 fuit
297 2153 319 2196 a
342 2135 448 2196 Sacra
473 2135 743 2213 Congregatione
768 2138 1067 2214 Indulgentiarum
1093 2157 1155 2218 pro
1180 2140 1319 2202 Confra-

67 2226 71 2233 ’
113 2237 285 2299 ternitate
306 2236 514 2314 Scapularis,
534 2238 689 2315 quodque
707 2238 907 2300 extenditur
926 2240 971 2300 ad
989 2257 1104 2301 omnes
1126 2241 1319 2303 confrater-

117 2338 258 2400 nitates.
296 2338 493 2400 Declaratio
509 2339 591 2401 haec
607 2323 753 2400 habetur
768 2340 805 2400 in
822 2341 965 2402 Decreto
984 2342 1180 2404 authentico
1198 2362 1230 2404 n.
1248 2344 1319 2420 379,

115 2442 164 2501 ad
182 2440 210 2517 1,
224 2442 260 2503 et
272 2442 302 2501 2.

161 2543 191 2602 1.
214 2541 278 2619 An,
299 2542 358 2619 qui
380 2543 447 2603 rite
467 2543 569 2604 semel
590 2543 757 2621 adscripti
781 2544 967 2606 Sodalitati
991 2545 1190 2623 Scapularis
1211 2549 1251 2608 B.
1273 2550 1319 2617 M.

116 2643 275 2721 Virginis
300 2644 342 2705 de
367 2645 484 2705 Monte
509 2644 674 2721 Carmelo,
701 2649 820 2722 postea
846 2646 1001 2707 habitum
1028 2636 1163 2708 sacrum
1191 2649 1319 2711 Sodali·

117 2744 206 2807 tatis
236 2745 451 2822 dimiserunt,
481 2749 666 2807 teneantur
694 2746 738 2807 ad
769 2763 890 2808 novam
921 2748 1011 2808 sacri
1042 2749 1181 2810 habitus
1211 2767 1319 2829 recep

116 2847 247 2908 tionem
274 2865 296 2909 a
320 2850 526 2926 potestatem
552 2848 707 2924 habente,
735 2846 765 2907 si
792 2848 899 2910 velint
927 2849 1167 2926 Indulgentias
1193 2852 1320 2929 praeci-

116 2952 216 3010 tatae
238 2948 425 3010 Sodalitati
446 2967 467 3009 a
490 2949 638 3010 Summis
659 2948 885 3010 Pontificibus
907 2966 1083 3011 concessas
1104 2951 1245 3030 lucrari,
1267 2954 1320 3015 vel

117 3068 166 3112 an
189 3050 345 3127 sufficiat,
368 3054 408 3111 ut
430 3051 585 3112 habitum
609 3067 743 3112 sacrum
765 3050 834 3128 ipsi
859 3052 969 3112 denuo
993 3057 1169 3114 resumant
1194 3054 1319 3133 simpli-

119 3152 230 3215 citer?
263 3152 311 3213 ut
325 3156 495 3230 quatenus
509 3151 666 3229 negative
680 3152 724 3212 ad
741 3152 870 3212 l-um.

162 3253 192 3314 2.
214 3253 394 3326 Quodnam
420 3252 584 3332 temporis
612 3251 762 3331 spatium
789 3271 811 3314 a
837 3252 1035 3314 dimissione
1062 3254 1202 3317 habitus
1229 3256 1320 3318 sacri

118 3354 328 3433 requiratur,
350 3359 390 3416 ut
412 3372 499 3416 nova
521 3349 669 3439 receptio
691 3372 713 3415 a
733 3356 939 3432 potestatem
961 3354 1107 3416 habente
1128 3358 1321 3420 necessaria

117 3457 192 3519 sit?

165 3556 272 3620 Sacra
303 3557 531 3635 congregatio
562 3555 794 3634 Indulgentiis
827 3555 1009 3632 sacrisque
1038 3556 1194 3634 Reliquis
1225 3577 1319 3638 prae

118 3659 235 3737 posita
249 3660 293 3721 ad
308 3659 468 3737 praefata
483 3658 588 3721 dubia
602 3658 657 3720 die
672 3658 713 3718 27
729 3656 815 3736 Maji
831 3658 913 3719 1857
928 3658 1123 3734 respondit:

163 3761 218 3822 Ad
240 3762 378 3821 l-um:
410 3761 576 3837 Negative
606 3762 650 3822 ad
681 3759 827 3838 primam
858 3761 1002 3837 partem,
1034 3760 1245 3823 Affirmative
1276 3763 1320 3824 ad

117 3863 314 3924 secundam.

163 3965 217 4024 Ad
240 3964 377 4024 2-um:
411 3962 590 4024 Provisum
610 3961 647 4023 in
665 3961 787 4041 primo.

162 4065 301 4127 Pariter
313 4066 439 4126 Romae
452 4064 678 4141 repraehensa
690 4062 760 4124 fuit
773 4061 889 4139 aliqua
902 4061 1190 4142 Confraternitas,
1204 4064 1241 4125 in
1254 4082 1322 4144 qua

117 4167 271 4229 invaluit
298 4184 391 4243 usus,
421 4166 511 4243 quod
540 4165 669 4242 singuli
699 4165 891 4226 confratres
921 4164 1067 4242 singulis
1098 4166 1199 4227 annis
1228 4180 1321 4245 prae

118 4268 254 4324 sentari
279 4286 314 4330 se
338 4269 499 4329 deberent
524 4266 734 4328 Moderatori
759 4283 821 4344 pro
847 4266 1044 4328 reiteranda
1069 4267 1261 4345 receptione
1286 4272 1321 4331 et

118 4361 392 4440 adscriptione.⁰⁹

155 4544 336 4603 “Berlngen
354 4544 410 4594 Les
428 4543 630 4602 Indulgences
643 4544 718 4593 tom.
736 4542 775 4592 11.
791 4541 856 4602 ps'g.
875 4551 917 4593 11.

155 4615 336 4673 “Berlnger
353 4614 410 4664 Les
427 4613 630 4672 Indulgenoea
647 4615 718 4663 tom.
735 4612 774 4670 ΙΙ,
791 4623 856 4672 pag.
875 4613 917 4664 65.
